<?xml version="1.0" encoding="UTF-8"?>
<!DOCTYPE html PUBLIC "-//W3C//DTD XHTML 1.0 Transitional//EN"
    "http://www.w3.org/TR/xhtml1/DTD/xhtml1-transitional.dtd">
<html xmlns="http://www.w3.org/1999/xhtml" xml:lang="en" lang="en">
 <head>
  <title>
</title>
<meta http-equiv="Content-Type" content="text/html;charset=utf-8" />
  <meta name='ocr-system' content='tesseract 3.04.00' />
  <meta name='ocr-capabilities' content='ocr_page ocr_carea ocr_par ocr_line ocrx_word'/>
</head>
<body>
  <div class='ocr_page' id='page_1' title='image "./lateinischegedic00grimuoft_0070.png"; bbox 0 0 1721 2938; ppageno 0'>
   <div class='ocr_carea' id='block_1_1' title="bbox 249 120 1176 170">
    <p class='ocr_par' dir='ltr' id='par_1_1' title="bbox 249 120 1176 170">
     <span class='ocr_line' id='line_1_1' title="bbox 249 120 1176 170; baseline 0.009 -9"><span class='ocrx_word' id='word_1_1' title='bbox 249 120 302 162; x_wconf 89' lang='grc'><strong>14</strong></span> <span class='ocrx_word' id='word_1_2' title='bbox 671 123 1176 170; x_wconf 69' lang='lat' dir='ltr'><strong>WALTHARIUS.</strong></span> 
     </span>
    </p>
   </div>
   <div class='ocr_carea' id='block_1_2' title="bbox 261 202 1597 218">
    <p class='ocr_par' dir='ltr' id='par_1_2' title="bbox 261 202 1597 218">
     <span class='ocr_line' id='line_1_2' title="bbox 261 202 1597 218; baseline 0 2720"><span class='ocrx_word' id='word_1_3' title='bbox 261 202 1597 218; x_wconf 95' lang='lat' dir='ltr'><strong> </strong></span> 
     </span>
    </p>
   </div>
   <div class='ocr_carea' id='block_1_3' title="bbox 242 275 1600 2344">
    <p class='ocr_par' dir='ltr' id='par_1_3' title="bbox 383 275 1509 472">
     <span class='ocr_line' id='line_1_3' title="bbox 383 275 1506 332; baseline 0.006 -16"><span class='ocrx_word' id='word_1_4' title='bbox 383 277 434 316; x_wconf 87' lang='lat' dir='ltr'><strong>Et</strong></span> <span class='ocrx_word' id='word_1_5' title='bbox 464 276 557 316; x_wconf 88' lang='lat' dir='ltr'><strong>licet</strong></span> <span class='ocrx_word' id='word_1_6' title='bbox 586 275 815 326; x_wconf 82' lang='lat' dir='ltr'><strong>ignicremis</strong></span> <span class='ocrx_word' id='word_1_7' title='bbox 849 276 967 315; x_wconf 89' lang='lat' dir='ltr'><strong>vellet</strong></span> <span class='ocrx_word' id='word_1_8' title='bbox 1002 275 1098 317; x_wconf 86' lang='lat' dir='ltr'><strong>dare</strong></span> <span class='ocrx_word' id='word_1_9' title='bbox 1124 280 1287 319; x_wconf 87' lang='lat' dir='ltr'><strong>moenia</strong></span> <span class='ocrx_word' id='word_1_10' title='bbox 1316 281 1506 332; x_wconf 84' lang='lat' dir='ltr'><strong>flammis,</strong></span> 
     </span>
     <span class='ocr_line' id='line_1_4' title="bbox 385 347 1509 399; baseline 0.006 -13"><span class='ocrx_word' id='word_1_11' title='bbox 385 348 557 395; x_wconf 85' lang='lat' dir='ltr'><strong>Nullus,</strong></span> <span class='ocrx_word' id='word_1_12' title='bbox 602 347 675 399; x_wconf 86' lang='lat' dir='ltr'><strong>qui</strong></span> <span class='ocrx_word' id='word_1_13' title='bbox 706 360 870 386; x_wconf 87' lang='lat' dir='ltr'><strong>causam</strong></span> <span class='ocrx_word' id='word_1_14' title='bbox 901 349 1102 399; x_wconf 87' lang='lat' dir='ltr'><strong>potuisset</strong></span> <span class='ocrx_word' id='word_1_15' title='bbox 1137 351 1261 399; x_wconf 88' lang='lat' dir='ltr'><strong>scire,</strong></span> <span class='ocrx_word' id='word_1_16' title='bbox 1301 356 1509 396; x_wconf 85' lang='lat' dir='ltr'><strong>remansit.</strong></span> 
     </span>
     <span class='ocr_line' id='line_1_5' title="bbox 387 417 1370 472; baseline 0.004 -15"><span class='ocrx_word' id='word_1_17' title='bbox 387 418 488 457; x_wconf 87' lang='lat' dir='ltr'><strong>Inde</strong></span> <span class='ocrx_word' id='word_1_18' title='bbox 521 417 708 459; x_wconf 79' lang='lat' dir='ltr'>dilectam</span> <span class='ocrx_word' id='word_1_19' title='bbox 740 420 863 459; x_wconf 75' lang='lat' dir='ltr'><strong>vocat</strong></span> <span class='ocrx_word' id='word_1_20' title='bbox 893 421 943 460; x_wconf 90' lang='lat' dir='ltr'><strong>ad</strong></span> <span class='ocrx_word' id='word_1_21' title='bbox 974 431 1100 461; x_wconf 87' lang='lat' dir='ltr'><strong>semet</strong></span> <span class='ocrx_word' id='word_1_22' title='bbox 1132 423 1370 472; x_wconf 86' lang='lat' dir='ltr'><strong>mulierem,</strong></span> 
     </span>
    </p>

    <p class='ocr_par' dir='ltr' id='par_1_4' title="bbox 247 490 1369 546">
     <span class='ocr_line' id='line_1_6' title="bbox 247 490 1369 546; baseline 0.003 -15"><span class='ocrx_word' id='word_1_23' title='bbox 247 496 326 531; x_wconf 81' lang='lat'><strong>325</strong></span> <span class='ocrx_word' id='word_1_24' title='bbox 390 490 653 543; x_wconf 85' lang='lat' dir='ltr'><strong>Praecipiens</strong></span> <span class='ocrx_word' id='word_1_25' title='bbox 679 505 821 531; x_wconf 85' lang='lat' dir='ltr'>causas</span> <span class='ocrx_word' id='word_1_26' title='bbox 853 493 971 533; x_wconf 80' lang='lat' dir='ltr'><strong>citius</strong></span> <span class='ocrx_word' id='word_1_27' title='bbox 1004 492 1163 533; x_wconf 83' lang='lat' dir='ltr'><strong>deferre</strong></span> <span class='ocrx_word' id='word_1_28' title='bbox 1192 503 1369 546; x_wconf 86' lang='lat' dir='ltr'><strong>paratas.</strong></span> 
     </span>
    </p>

    <p class='ocr_par' dir='ltr' id='par_1_5' title="bbox 382 563 1482 680">
     <span class='ocr_line' id='line_1_7' title="bbox 384 563 1482 620; baseline 0.003 -16"><span class='ocrx_word' id='word_1_29' title='bbox 384 566 563 617; x_wconf 84' lang='lat' dir='ltr'><strong>Ipseque</strong></span> <span class='ocrx_word' id='word_1_30' title='bbox 595 563 644 603; x_wconf 92' lang='lat' dir='ltr'><strong>de</strong></span> <span class='ocrx_word' id='word_1_31' title='bbox 675 565 847 604; x_wconf 82' lang='lat' dir='ltr'><strong>stabulis</strong></span> <span class='ocrx_word' id='word_1_32' title='bbox 879 567 1077 605; x_wconf 90' lang='lat' dir='ltr'><strong>victorem</strong></span> <span class='ocrx_word' id='word_1_33' title='bbox 1112 565 1230 606; x_wconf 77' lang='lat' dir='ltr'><strong>duxit</strong></span> <span class='ocrx_word' id='word_1_34' title='bbox 1261 581 1482 620; x_wconf 87' lang='lat' dir='ltr'><strong>equorum,</strong></span> 
     </span>
     <span class='ocr_line' id='line_1_8' title="bbox 382 637 1403 680; baseline 0.005 -5"><span class='ocrx_word' id='word_1_35' title='bbox 382 637 517 675; x_wconf 88' lang='lat' dir='ltr'><strong>Hunc·</strong></span> <span class='ocrx_word' id='word_1_36' title='bbox 540 639 592 676; x_wconf 91' lang='lat' dir='ltr'><strong>ob</strong></span> <span class='ocrx_word' id='word_1_37' title='bbox 625 637 818 676; x_wconf 90' lang='lat' dir='ltr'><strong>virtutem</strong></span> <span class='ocrx_word' id='word_1_38' title='bbox 849 637 1101 678; x_wconf 80' lang='lat' dir='ltr'><strong>vocitaverat</strong></span> <span class='ocrx_word' id='word_1_39' title='bbox 1131 640 1198 677; x_wconf 87' lang='lat' dir='ltr'><strong>ille</strong></span> <span class='ocrx_word' id='word_1_40' title='bbox 1228 640 1403 680; x_wconf 89' lang='lat' dir='ltr'><strong>leonem.</strong></span> 
     </span>
    </p>

    <p class='ocr_par' dir='ltr' id='par_1_6' title="bbox 381 709 1572 836">
     <span class='ocr_line' id='line_1_9' title="bbox 382 709 1572 762; baseline 0.004 -14"><span class='ocrx_word' id='word_1_41' title='bbox 382 709 472 749; x_wconf 81' lang='lat' dir='ltr'><strong>Stat</strong></span> <span class='ocrx_word' id='word_1_42' title='bbox 504 709 694 760; x_wconf 82' lang='lat' dir='ltr'><strong>sonipes,</strong></span> <span class='ocrx_word' id='word_1_43' title='bbox 739 724 784 748; x_wconf 91' lang='lat' dir='ltr'><strong>ac</strong></span> <span class='ocrx_word' id='word_1_44' title='bbox 825 710 969 749; x_wconf 85' lang='lat' dir='ltr'><strong>fraena</strong></span> <span class='ocrx_word' id='word_1_45' title='bbox 999 711 1119 750; x_wconf 85' lang='lat' dir='ltr'><strong>ferox</strong></span> <span class='ocrx_word' id='word_1_46' title='bbox 1149 712 1382 762; x_wconf 78' lang='lat' dir='ltr'><strong>spumantia</strong></span> <span class='ocrx_word' id='word_1_47' title='bbox 1404 712 1572 754; x_wconf 83' lang='lat' dir='ltr'><strong>mandit.</strong></span> 
     </span>
     <span class='ocr_line' id='line_1_10' title="bbox 381 782 1555 836; baseline 0.004 -16"><span class='ocrx_word' id='word_1_48' title='bbox 381 783 505 821; x_wconf 90' lang='lat' dir='ltr'><strong>Hunc</strong></span> <span class='ocrx_word' id='word_1_49' title='bbox 538 790 760 833; x_wconf 81' lang='lat' dir='ltr'><strong>postquam</strong></span> <span class='ocrx_word' id='word_1_50' title='bbox 791 782 929 821; x_wconf 81' lang='lat' dir='ltr'><strong>faleris</strong></span> <span class='ocrx_word' id='word_1_51' title='bbox 960 784 1080 822; x_wconf 88' lang='lat' dir='ltr'><strong>solito</strong></span> <span class='ocrx_word' id='word_1_52' title='bbox 1113 783 1401 834; x_wconf 82' lang='lat' dir='ltr'><strong>circumdedit,</strong></span> <span class='ocrx_word' id='word_1_53' title='bbox 1442 800 1555 836; x_wconf 83' lang='lat' dir='ltr'><strong>ecce,</strong></span> 
     </span>
    </p>

    <p class='ocr_par' dir='ltr' id='par_1_7' title="bbox 242 852 1461 1122">
     <span class='ocr_line' id='line_1_11' title="bbox 242 852 1449 910; baseline 0.004 -18"><span class='ocrx_word' id='word_1_54' title='bbox 242 857 323 892; x_wconf 81' lang='lat'><strong>330</strong></span> <span class='ocrx_word' id='word_1_55' title='bbox 382 852 538 892; x_wconf 87' lang='lat' dir='ltr'><strong>Scrinia</strong></span> <span class='ocrx_word' id='word_1_56' title='bbox 569 854 691 905; x_wconf 88' lang='lat' dir='ltr'><strong>plena</strong></span> <span class='ocrx_word' id='word_1_57' title='bbox 720 868 842 904; x_wconf 85' lang='lat' dir='ltr'><strong>gazae</strong></span> <span class='ocrx_word' id='word_1_58' title='bbox 873 855 990 893; x_wconf 85' lang='lat' dir='ltr'><strong>lateri</strong></span> <span class='ocrx_word' id='word_1_59' title='bbox 1024 856 1236 907; x_wconf 85' lang='lat' dir='ltr'><strong>suspendit</strong></span> <span class='ocrx_word' id='word_1_60' title='bbox 1266 858 1449 910; x_wconf 81' lang='lat' dir='ltr'><strong>utrique,</strong></span> 
     </span>
     <span class='ocr_line' id='line_1_12' title="bbox 382 924 1393 982; baseline 0.006 -20"><span class='ocrx_word' id='word_1_61' title='bbox 382 925 518 977; x_wconf 87' lang='lat' dir='ltr'><strong>Atque</strong></span> <span class='ocrx_word' id='word_1_62' title='bbox 545 924 638 963; x_wconf 87' lang='lat' dir='ltr'><strong>iteri</strong></span> <span class='ocrx_word' id='word_1_63' title='bbox 667 925 791 974; x_wconf 85' lang='lat' dir='ltr'><strong>longo</strong></span> <span class='ocrx_word' id='word_1_64' title='bbox 822 924 1038 964; x_wconf 87' lang='lat' dir='ltr'><strong>modicella</strong></span> <span class='ocrx_word' id='word_1_65' title='bbox 1071 928 1223 966; x_wconf 88' lang='lat' dir='ltr'><strong>cibaria</strong></span> <span class='ocrx_word' id='word_1_66' title='bbox 1253 931 1393 982; x_wconf 85' lang='lat' dir='ltr'><strong>ponit,</strong></span> 
     </span>
     <span class='ocr_line' id='line_1_13' title="bbox 378 996 1461 1049; baseline 0.006 -15"><span class='ocrx_word' id='word_1_67' title='bbox 378 996 575 1049; x_wconf 84' lang='lat' dir='ltr'><strong>Loraque</strong></span> <span class='ocrx_word' id='word_1_68' title='bbox 607 997 811 1047; x_wconf 85' lang='lat' dir='ltr'><strong>virgineae</strong></span> <span class='ocrx_word' id='word_1_69' title='bbox 843 998 1010 1037; x_wconf 86' lang='lat' dir='ltr'><strong>mandat</strong></span> <span class='ocrx_word' id='word_1_70' title='bbox 1040 1000 1243 1038; x_wconf 84' lang='lat' dir='ltr'><strong>fluitantia</strong></span> <span class='ocrx_word' id='word_1_71' title='bbox 1277 999 1461 1040; x_wconf 84' lang='lat' dir='ltr'><strong>dextrae.</strong></span> 
     </span>
     <span class='ocr_line' id='line_1_14' title="bbox 379 1069 1311 1122; baseline 0.004 -16"><span class='ocrx_word' id='word_1_72' title='bbox 379 1069 556 1120; x_wconf 84' lang='lat' dir='ltr'><strong>Ipseque</strong></span> <span class='ocrx_word' id='word_1_73' title='bbox 585 1069 713 1107; x_wconf 80' lang='lat' dir='ltr'><strong>lorica</strong></span> <span class='ocrx_word' id='word_1_74' title='bbox 742 1069 937 1119; x_wconf 76' lang='lat' dir='ltr'><strong>vestitus,</strong></span> <span class='ocrx_word' id='word_1_75' title='bbox 972 1084 1087 1109; x_wconf 89' lang='lat' dir='ltr'><strong>more</strong></span> <span class='ocrx_word' id='word_1_76' title='bbox 1117 1071 1311 1122; x_wconf 79' lang='lat' dir='ltr'><strong>gigantis,</strong></span> 
     </span>
    </p>

    <p class='ocr_par' dir='ltr' id='par_1_8' title="bbox 379 1140 1424 1191">
     <span class='ocr_line' id='line_1_15' title="bbox 379 1140 1424 1191; baseline 0.004 -14"><span class='ocrx_word' id='word_1_77' title='bbox 379 1140 586 1191; x_wconf 84' lang='lat' dir='ltr'><strong>Imposuit</strong></span> <span class='ocrx_word' id='word_1_78' title='bbox 616 1140 739 1191; x_wconf 86' lang='lat' dir='ltr'><strong>capiti</strong></span> <span class='ocrx_word' id='word_1_79' title='bbox 769 1142 919 1179; x_wconf 84' lang='lat' dir='ltr'><strong>rubras</strong></span> <span class='ocrx_word' id='word_1_80' title='bbox 952 1155 1042 1180; x_wconf 89' lang='lat' dir='ltr'><strong>cum</strong></span> <span class='ocrx_word' id='word_1_81' title='bbox 1076 1142 1229 1180; x_wconf 83' lang='lat' dir='ltr'><strong>casside</strong></span> <span class='ocrx_word' id='word_1_82' title='bbox 1260 1143 1424 1191; x_wconf 81' lang='lat' dir='ltr'><strong>cristaS‚</strong></span> 
     </span>
    </p>

    <p class='ocr_par' dir='ltr' id='par_1_9' title="bbox 245 1213 1474 1410">
     <span class='ocr_line' id='line_1_16' title="bbox 245 1213 1474 1267; baseline 0.002 -17"><span class='ocrx_word' id='word_1_83' title='bbox 245 1216 325 1251; x_wconf 84' lang='grc'><strong>335</strong></span> <span class='ocrx_word' id='word_1_84' title='bbox 386 1213 659 1264; x_wconf 83' lang='lat' dir='ltr'><strong>Ingentesque</strong></span> <span class='ocrx_word' id='word_1_85' title='bbox 690 1213 820 1252; x_wconf 90' lang='lat' dir='ltr'><strong>ocreis</strong></span> <span class='ocrx_word' id='word_1_86' title='bbox 853 1227 968 1252; x_wconf 83' lang='lat' dir='ltr'><strong>suras</strong></span> <span class='ocrx_word' id='word_1_87' title='bbox 1003 1216 1288 1267; x_wconf 84' lang='lat' dir='ltr'><strong>complectitur</strong></span> <span class='ocrx_word' id='word_1_88' title='bbox 1317 1214 1474 1263; x_wconf 83' lang='lat' dir='ltr'><strong>aureis3</strong></span> 
     </span>
     <span class='ocr_line' id='line_1_17' title="bbox 383 1285 1445 1338; baseline 0.005 -16"><span class='ocrx_word' id='word_1_89' title='bbox 383 1285 434 1323; x_wconf 85' lang='lat' dir='ltr'><strong>Et</strong></span> <span class='ocrx_word' id='word_1_90' title='bbox 464 1286 627 1325; x_wconf 90' lang='lat' dir='ltr'><strong>laevum</strong></span> <span class='ocrx_word' id='word_1_91' title='bbox 657 1286 792 1323; x_wconf 80' lang='lat' dir='ltr'><strong>femur</strong></span> <span class='ocrx_word' id='word_1_92' title='bbox 822 1286 989 1337; x_wconf 87' lang='lat' dir='ltr'><strong>ancipiti</strong></span> <span class='ocrx_word' id='word_1_93' title='bbox 1015 1288 1302 1338; x_wconf 80' lang='lat' dir='ltr'><strong>praecinxerat</strong></span> <span class='ocrx_word' id='word_1_94' title='bbox 1328 1301 1445 1336; x_wconf 84' lang='lat' dir='ltr'><strong>ense,</strong></span> 
     </span>
     <span class='ocr_line' id='line_1_18' title="bbox 377 1356 1452 1410; baseline 0.002 -14"><span class='ocrx_word' id='word_1_95' title='bbox 377 1358 512 1409; x_wconf 85' lang='lat' dir='ltr'><strong>Atque</strong></span> <span class='ocrx_word' id='word_1_96' title='bbox 544 1357 624 1395; x_wconf 86' lang='lat' dir='ltr'><strong>alio</strong></span> <span class='ocrx_word' id='word_1_97' title='bbox 654 1356 864 1406; x_wconf 79' lang='lat' dir='ltr'><strong>dextrum,</strong></span> <span class='ocrx_word' id='word_1_98' title='bbox 896 1372 973 1409; x_wconf 84' lang='lat' dir='ltr'><strong>pro</strong></span> <span class='ocrx_word' id='word_1_99' title='bbox 1003 1359 1085 1396; x_wconf 90' lang='lat' dir='ltr'><strong>ritu</strong></span> <span class='ocrx_word' id='word_1_100' title='bbox 1118 1360 1452 1410; x_wconf 82' lang='lat' dir='ltr'><strong>Pannoniarum,</strong></span> 
     </span>
    </p>

    <p class='ocr_par' dir='ltr' id='par_1_10' title="bbox 380 1429 1597 1557">
     <span class='ocr_line' id='line_1_19' title="bbox 380 1429 1436 1483; baseline 0.003 -15"><span class='ocrx_word' id='word_1_101' title='bbox 380 1431 419 1468; x_wconf 83' lang='lat' dir='ltr'><strong>Is</strong></span> <span class='ocrx_word' id='word_1_102' title='bbox 449 1438 588 1468; x_wconf 85' lang='lat' dir='ltr'><strong>tamen</strong></span> <span class='ocrx_word' id='word_1_103' title='bbox 619 1443 669 1468; x_wconf 78' lang='lat' dir='ltr'><strong>ex</strong></span> <span class='ocrx_word' id='word_1_104' title='bbox 699 1443 782 1468; x_wconf 89' lang='lat' dir='ltr'><strong>una</strong></span> <span class='ocrx_word' id='word_1_105' title='bbox 813 1437 972 1469; x_wconf 85' lang='lat' dir='ltr'><strong>tantum</strong></span> <span class='ocrx_word' id='word_1_106' title='bbox 1004 1429 1073 1469; x_wconf 89' lang='lat' dir='ltr'><strong>dat</strong></span> <span class='ocrx_word' id='word_1_107' title='bbox 1103 1433 1276 1471; x_wconf 84' lang='lat' dir='ltr'><strong>vulnera</strong></span> <span class='ocrx_word' id='word_1_108' title='bbox 1305 1440 1436 1483; x_wconf 86' lang='lat' dir='ltr'><strong>parte.</strong></span> 
     </span>
     <span class='ocr_line' id='line_1_20' title="bbox 383 1500 1597 1557; baseline 0.004 -18"><span class='ocrx_word' id='word_1_109' title='bbox 383 1501 502 1539; x_wconf 90' lang='lat' dir='ltr'><strong>Tunc</strong></span> <span class='ocrx_word' id='word_1_110' title='bbox 531 1502 692 1540; x_wconf 86' lang='lat' dir='ltr'><strong>hastam</strong></span> <span class='ocrx_word' id='word_1_111' title='bbox 724 1500 870 1541; x_wconf 79' lang='lat' dir='ltr'><strong>dextra</strong></span> <span class='ocrx_word' id='word_1_112' title='bbox 900 1503 1089 1554; x_wconf 81' lang='lat' dir='ltr'><strong>rapiens,</strong></span> <span class='ocrx_word' id='word_1_113' title='bbox 1132 1504 1390 1556; x_wconf 84' lang='lat' dir='ltr'><strong>clipeumque</strong></span> <span class='ocrx_word' id='word_1_114' title='bbox 1421 1502 1597 1557; x_wconf 83' lang='lat' dir='ltr'><strong>sinistra,</strong></span> 
     </span>
    </p>

    <p class='ocr_par' dir='ltr' id='par_1_11' title="bbox 242 1572 1350 1626">
     <span class='ocr_line' id='line_1_21' title="bbox 242 1572 1350 1626; baseline 0.002 -14"><span class='ocrx_word' id='word_1_115' title='bbox 242 1575 323 1612; x_wconf 79' lang='lat'><strong>340</strong></span> <span class='ocrx_word' id='word_1_116' title='bbox 385 1572 589 1624; x_wconf 89' lang='lat' dir='ltr'><strong>Coeperat</strong></span> <span class='ocrx_word' id='word_1_117' title='bbox 619 1572 754 1612; x_wconf 89' lang='lat' dir='ltr'><strong>invisa</strong></span> <span class='ocrx_word' id='word_1_118' title='bbox 782 1573 967 1626; x_wconf 89' lang='lat' dir='ltr'><strong>trepidus</strong></span> <span class='ocrx_word' id='word_1_119' title='bbox 996 1573 1193 1614; x_wconf 89' lang='lat' dir='ltr'><strong>decedere</strong></span> <span class='ocrx_word' id='word_1_120' title='bbox 1224 1583 1350 1615; x_wconf 83' lang='lat' dir='ltr'><strong>terra.</strong></span> 
     </span>
    </p>

    <p class='ocr_par' dir='ltr' id='par_1_12' title="bbox 376 1644 1600 1844">
     <span class='ocr_line' id='line_1_22' title="bbox 380 1644 1597 1702; baseline 0.002 -16"><span class='ocrx_word' id='word_1_121' title='bbox 380 1645 580 1686; x_wconf 87' lang='lat' dir='ltr'><strong>Foemina</strong></span> <span class='ocrx_word' id='word_1_122' title='bbox 610 1644 727 1685; x_wconf 78' lang='lat' dir='ltr'><strong>duxit</strong></span> <span class='ocrx_word' id='word_1_123' title='bbox 754 1659 926 1699; x_wconf 82' lang='lat' dir='ltr'><strong>equum,</strong></span> <span class='ocrx_word' id='word_1_124' title='bbox 959 1648 1159 1687; x_wconf 86' lang='lat' dir='ltr'><strong>nonnulla</strong></span> <span class='ocrx_word' id='word_1_125' title='bbox 1189 1649 1340 1687; x_wconf 88' lang='lat' dir='ltr'><strong>talenta</strong></span> <span class='ocrx_word' id='word_1_126' title='bbox 1366 1658 1597 1702; x_wconf 81' lang='lat' dir='ltr'><strong>gerentem3</strong></span> 
     </span>
     <span class='ocr_line' id='line_1_23' title="bbox 376 1718 1600 1773; baseline 0.005 -17"><span class='ocrx_word' id='word_1_127' title='bbox 376 1718 426 1756; x_wconf 87' lang='lat' dir='ltr'><strong>In</strong></span> <span class='ocrx_word' id='word_1_128' title='bbox 457 1719 732 1771; x_wconf 85' lang='lat' dir='ltr'><strong>manibusque</strong></span> <span class='ocrx_word' id='word_1_129' title='bbox 763 1719 885 1758; x_wconf 89' lang='lat' dir='ltr'><strong>simul</strong></span> <span class='ocrx_word' id='word_1_130' title='bbox 915 1719 1071 1770; x_wconf 89' lang='lat' dir='ltr'><strong>virgam</strong></span> <span class='ocrx_word' id='word_1_131' title='bbox 1100 1729 1211 1760; x_wconf 88' lang='lat' dir='ltr'><strong>tenet</strong></span> <span class='ocrx_word' id='word_1_132' title='bbox 1253 1721 1343 1773; x_wconf 85' lang='lat' dir='ltr'><strong>ipsa</strong></span> <span class='ocrx_word' id='word_1_133' title='bbox 1372 1723 1600 1773; x_wconf 83' lang='lat' dir='ltr'><strong>colurnam,</strong></span> 
     </span>
     <span class='ocr_line' id='line_1_24' title="bbox 378 1790 1486 1844; baseline 0.005 -17"><span class='ocrx_word' id='word_1_134' title='bbox 378 1790 426 1828; x_wconf 89' lang='lat' dir='ltr'><strong>In</strong></span> <span class='ocrx_word' id='word_1_135' title='bbox 460 1804 542 1842; x_wconf 88' lang='lat' dir='ltr'><strong>qua</strong></span> <span class='ocrx_word' id='word_1_136' title='bbox 571 1790 751 1841; x_wconf 87' lang='lat' dir='ltr'><strong>piscator</strong></span> <span class='ocrx_word' id='word_1_137' title='bbox 779 1791 949 1830; x_wconf 89' lang='lat' dir='ltr'><strong>hamum</strong></span> <span class='ocrx_word' id='word_1_138' title='bbox 975 1793 1208 1844; x_wconf 86' lang='lat' dir='ltr'><strong>transponit</strong></span> <span class='ocrx_word' id='word_1_139' title='bbox 1235 1793 1276 1831; x_wconf 92' lang='lat' dir='ltr'><strong>in</strong></span> <span class='ocrx_word' id='word_1_140' title='bbox 1313 1793 1486 1843; x_wconf 82' lang='lat' dir='ltr'><strong>undam,</strong></span> 
     </span>
    </p>

    <p class='ocr_par' dir='ltr' id='par_1_13' title="bbox 378 1859 1408 1915">
     <span class='ocr_line' id='line_1_25' title="bbox 378 1859 1408 1915; baseline 0.006 -16"><span class='ocrx_word' id='word_1_141' title='bbox 378 1859 436 1899; x_wconf 89' lang='lat' dir='ltr'><strong>Ut</strong></span> <span class='ocrx_word' id='word_1_142' title='bbox 466 1861 635 1912; x_wconf 90' lang='lat' dir='ltr'><strong>cupiens</strong></span> <span class='ocrx_word' id='word_1_143' title='bbox 664 1871 826 1913; x_wconf 88' lang='lat' dir='ltr'><strong>pastum</strong></span> <span class='ocrx_word' id='word_1_144' title='bbox 859 1864 981 1915; x_wconf 89' lang='lat' dir='ltr'><strong>piscis</strong></span> <span class='ocrx_word' id='word_1_145' title='bbox 1013 1863 1209 1914; x_wconf 81' lang='lat' dir='ltr'><strong>deglutiat</strong></span> <span class='ocrx_word' id='word_1_146' title='bbox 1240 1879 1408 1905; x_wconf 88' lang='lat' dir='ltr'><strong>uncum.</strong></span> 
     </span>
    </p>

    <p class='ocr_par' dir='ltr' id='par_1_14' title="bbox 244 1931 1600 2202">
     <span class='ocr_line' id='line_1_26' title="bbox 244 1931 1599 1989; baseline 0.005 -20"><span class='ocrx_word' id='word_1_147' title='bbox 244 1933 322 1972; x_wconf 84' lang='lat'><strong>345</strong></span> <span class='ocrx_word' id='word_1_148' title='bbox 381 1931 573 1984; x_wconf 86' lang='lat' dir='ltr'><strong>Namque</strong></span> <span class='ocrx_word' id='word_1_149' title='bbox 605 1942 794 1982; x_wconf 85' lang='lat' dir='ltr'><strong>gravatus</strong></span> <span class='ocrx_word' id='word_1_150' title='bbox 827 1943 914 1973; x_wconf 87' lang='lat' dir='ltr'><strong>erat</strong></span> <span class='ocrx_word' id='word_1_151' title='bbox 941 1938 1006 1975; x_wconf 87' lang='lat' dir='ltr'><strong>vir</strong></span> <span class='ocrx_word' id='word_1_152' title='bbox 1038 1938 1240 1976; x_wconf 84' lang='lat' dir='ltr'><strong>maximus</strong></span> <span class='ocrx_word' id='word_1_153' title='bbox 1284 1937 1465 1989; x_wconf 89' lang='lat' dir='ltr'><strong>undique</strong></span> <span class='ocrx_word' id='word_1_154' title='bbox 1495 1938 1599 1987; x_wconf 88' lang='lat' dir='ltr'><strong>telis,</strong></span> 
     </span>
     <span class='ocr_line' id='line_1_27' title="bbox 379 2004 1600 2061; baseline 0.005 -19"><span class='ocrx_word' id='word_1_155' title='bbox 379 2004 704 2057; x_wconf 85' lang='lat' dir='ltr'><strong>Suspectamque</strong></span> <span class='ocrx_word' id='word_1_156' title='bbox 734 2007 882 2045; x_wconf 86' lang='lat' dir='ltr'><strong>habuit</strong></span> <span class='ocrx_word' id='word_1_157' title='bbox 911 2016 1058 2047; x_wconf 91' lang='lat' dir='ltr'><strong>cuncto</strong></span> <span class='ocrx_word' id='word_1_158' title='bbox 1088 2009 1166 2047; x_wconf 86' lang='lat' dir='ltr'><strong>sibi</strong></span> <span class='ocrx_word' id='word_1_159' title='bbox 1194 2016 1380 2060; x_wconf 88' lang='lat' dir='ltr'><strong>tempore</strong></span> <span class='ocrx_word' id='word_1_160' title='bbox 1406 2024 1600 2061; x_wconf 81' lang='lat' dir='ltr'><strong>pugnam.</strong></span> 
     </span>
     <span class='ocr_line' id='line_1_28' title="bbox 382 2075 1597 2131; baseline 0.003 -15"><span class='ocrx_word' id='word_1_161' title='bbox 382 2075 508 2116; x_wconf 89' lang='lat' dir='ltr'><strong>Omni</strong></span> <span class='ocrx_word' id='word_1_162' title='bbox 541 2085 661 2116; x_wconf 88' lang='lat' dir='ltr'><strong>nocte</strong></span> <span class='ocrx_word' id='word_1_163' title='bbox 693 2077 860 2131; x_wconf 87' lang='lat' dir='ltr'><strong>quidem</strong></span> <span class='ocrx_word' id='word_1_164' title='bbox 890 2082 1173 2131; x_wconf 88' lang='lat' dir='ltr'><strong>properabant</strong></span> <span class='ocrx_word' id='word_1_165' title='bbox 1198 2095 1383 2128; x_wconf 87' lang='lat' dir='ltr'><strong>currere,</strong></span> <span class='ocrx_word' id='word_1_166' title='bbox 1413 2080 1485 2119; x_wconf 87' lang='lat' dir='ltr'><strong>sed</strong></span> <span class='ocrx_word' id='word_1_167' title='bbox 1505 2095 1597 2120; x_wconf 89' lang='lat' dir='ltr'><strong>cum</strong></span> 
     </span>
     <span class='ocr_line' id='line_1_29' title="bbox 382 2149 1498 2202; baseline 0.004 -16"><span class='ocrx_word' id='word_1_168' title='bbox 382 2149 522 2188; x_wconf 86' lang='lat' dir='ltr'><strong>Prima</strong></span> <span class='ocrx_word' id='word_1_169' title='bbox 551 2151 706 2188; x_wconf 88' lang='lat' dir='ltr'><strong>rubens</strong></span> <span class='ocrx_word' id='word_1_170' title='bbox 730 2151 850 2188; x_wconf 87' lang='lat' dir='ltr'><strong>terris</strong></span> <span class='ocrx_word' id='word_1_171' title='bbox 884 2151 1063 2190; x_wconf 86' lang='lat' dir='ltr'><strong>ostendit</strong></span> <span class='ocrx_word' id='word_1_172' title='bbox 1092 2152 1249 2190; x_wconf 87' lang='lat' dir='ltr'><strong>lumina</strong></span> <span class='ocrx_word' id='word_1_173' title='bbox 1279 2153 1498 2202; x_wconf 89' lang='lat' dir='ltr'><strong>Phoebus,</strong></span> 
     </span>
    </p>

    <p class='ocr_par' dir='ltr' id='par_1_15' title="bbox 381 2219 1446 2274">
     <span class='ocr_line' id='line_1_30' title="bbox 381 2219 1446 2274; baseline 0.003 -16"><span class='ocrx_word' id='word_1_174' title='bbox 381 2220 429 2258; x_wconf 90' lang='lat' dir='ltr'><strong>In</strong></span> <span class='ocrx_word' id='word_1_175' title='bbox 460 2219 572 2258; x_wconf 89' lang='lat' dir='ltr'><strong>silvis</strong></span> <span class='ocrx_word' id='word_1_176' title='bbox 600 2219 760 2258; x_wconf 87' lang='lat' dir='ltr'><strong>latitare</strong></span> <span class='ocrx_word' id='word_1_177' title='bbox 792 2219 958 2259; x_wconf 87' lang='lat' dir='ltr'><strong>student</strong></span> <span class='ocrx_word' id='word_1_178' title='bbox 986 2230 1025 2260; x_wconf 91' lang='lat' dir='ltr'><strong>et</strong></span> <span class='ocrx_word' id='word_1_179' title='bbox 1054 2235 1181 2274; x_wconf 83' lang='lat' dir='ltr'><strong>opaca</strong></span> <span class='ocrx_word' id='word_1_180' title='bbox 1204 2223 1446 2274; x_wconf 84' lang='lat' dir='ltr'><strong>requirnnt,</strong></span> 
     </span>
    </p>

    <p class='ocr_par' dir='ltr' id='par_1_16' title="bbox 244 2288 1533 2344">
     <span class='ocr_line' id='line_1_31' title="bbox 244 2288 1533 2344; baseline -0.002 -12"><span class='ocrx_word' id='word_1_181' title='bbox 244 2296 324 2332; x_wconf 83' lang='lat'><strong>350</strong></span> <span class='ocrx_word' id='word_1_182' title='bbox 385 2288 670 2342; x_wconf 88' lang='lat' dir='ltr'><strong>Sollicitatque</strong></span> <span class='ocrx_word' id='word_1_183' title='bbox 702 2300 856 2341; x_wconf 89' lang='lat' dir='ltr'><strong>metus,</strong></span> <span class='ocrx_word' id='word_1_184' title='bbox 901 2294 964 2332; x_wconf 86' lang='lat' dir='ltr'><strong>vel</strong></span> <span class='ocrx_word' id='word_1_185' title='bbox 995 2307 1068 2344; x_wconf 90' lang='lat' dir='ltr'><strong>per</strong></span> <span class='ocrx_word' id='word_1_186' title='bbox 1096 2294 1186 2332; x_wconf 86' lang='lat' dir='ltr'><strong>loca</strong></span> <span class='ocrx_word' id='word_1_187' title='bbox 1214 2301 1302 2331; x_wconf 88' lang='lat' dir='ltr'><strong>tuta</strong></span> <span class='ocrx_word' id='word_1_188' title='bbox 1336 2292 1533 2343; x_wconf 81' lang='lat' dir='ltr'><strong>fatigans;</strong></span> 
     </span>
    </p>
   </div>
   <div class='ocr_carea' id='block_1_4' title="bbox 241 2419 1595 2705">
    <p class='ocr_par' dir='ltr' id='par_1_17' title="bbox 241 2419 1595 2705">
     <span class='ocr_line' id='line_1_32' title="bbox 312 2419 1595 2462; baseline 0 -8"><span class='ocrx_word' id='word_1_189' title='bbox 312 2424 381 2454; x_wconf 73' lang='lat'><strong>324</strong></span> <span class='ocrx_word' id='word_1_190' title='bbox 406 2420 540 2453; x_wconf 88' lang='lat' dir='ltr'><strong>tandem</strong></span> <span class='ocrx_word' id='word_1_191' title='bbox 567 2419 608 2453; x_wconf 88' lang='lat' dir='ltr'><strong>B.</strong></span> <span class='ocrx_word' id='word_1_192' title='bbox 622 2419 662 2453; x_wconf 90' lang='lat' dir='ltr'><strong>D.</strong></span> <span class='ocrx_word' id='word_1_193' title='bbox 678 2419 704 2453; x_wconf 92' lang='lat' dir='ltr'><strong>I.</strong></span> <span class='ocrx_word' id='word_1_194' title='bbox 753 2422 823 2452; x_wconf 84' lang='lat'><strong>325</strong></span> <span class='ocrx_word' id='word_1_195' title='bbox 850 2421 944 2454; x_wconf 76' lang='lat' dir='ltr'><strong>octus</strong></span> <span class='ocrx_word' id='word_1_196' title='bbox 970 2422 1010 2454; x_wconf 91' lang='lat' dir='ltr'><strong>D.</strong></span> <span class='ocrx_word' id='word_1_197' title='bbox 1060 2424 1129 2453; x_wconf 77' lang='lat'><strong>327</strong></span> <span class='ocrx_word' id='word_1_198' title='bbox 1156 2421 1266 2455; x_wconf 85' lang='lat' dir='ltr'><strong>Quem</strong></span> <span class='ocrx_word' id='word_1_199' title='bbox 1290 2420 1333 2452; x_wconf 91' lang='lat' dir='ltr'><strong>ob</strong></span> <span class='ocrx_word' id='word_1_200' title='bbox 1356 2419 1394 2453; x_wconf 88' lang='lat' dir='ltr'><strong>C.</strong></span> <span class='ocrx_word' id='word_1_201' title='bbox 1427 2429 1595 2462; x_wconf 88' lang='lat' dir='ltr'><strong>quemque</strong></span> 
     </span>
     <span class='ocr_line' id='line_1_33' title="bbox 243 2481 1593 2524; baseline 0 -10"><span class='ocrx_word' id='word_1_202' title='bbox 243 2483 286 2514; x_wconf 87' lang='lat' dir='ltr'><strong>ob</strong></span> <span class='ocrx_word' id='word_1_203' title='bbox 308 2482 348 2515; x_wconf 89' lang='lat' dir='ltr'><strong>D.</strong></span> <span class='ocrx_word' id='word_1_204' title='bbox 386 2482 429 2514; x_wconf 92' lang='lat' dir='ltr'><strong>ob</strong></span> <span class='ocrx_word' id='word_1_205' title='bbox 456 2482 615 2514; x_wconf 85' lang='lat' dir='ltr'><strong>uirtutem</strong></span> <span class='ocrx_word' id='word_1_206' title='bbox 642 2490 742 2522; x_wconf 88' lang='lat' dir='ltr'><strong>quem</strong></span> <span class='ocrx_word' id='word_1_207' title='bbox 769 2481 809 2513; x_wconf 86' lang='grc' dir='ltr'><strong>Β.</strong></span> <span class='ocrx_word' id='word_1_208' title='bbox 846 2482 899 2514; x_wconf 91' lang='lat' dir='ltr'><strong>Ob</strong></span> <span class='ocrx_word' id='word_1_209' title='bbox 926 2493 1024 2524; x_wconf 84' lang='lat' dir='ltr'><strong>quam</strong></span> <span class='ocrx_word' id='word_1_210' title='bbox 1050 2482 1076 2517; x_wconf 82' lang='grc' dir='ltr'><strong>Ι.</strong></span> <span class='ocrx_word' id='word_1_211' title='bbox 1128 2484 1193 2513; x_wconf 84' lang='grc'><strong>331</strong></span> <span class='ocrx_word' id='word_1_212' title='bbox 1220 2481 1340 2513; x_wconf 82' lang='lat' dir='ltr'><strong>iteneri</strong></span> <span class='ocrx_word' id='word_1_213' title='bbox 1361 2483 1399 2513; x_wconf 85' lang='grc' dir='ltr'><strong>Α.</strong></span> <span class='ocrx_word' id='word_1_214' title='bbox 1433 2482 1543 2513; x_wconf 86' lang='lat' dir='ltr'><strong>itineri</strong></span> <span class='ocrx_word' id='word_1_215' title='bbox 1566 2481 1593 2514; x_wconf 86' lang='grc' dir='ltr'><strong>Ι.</strong></span> 
     </span>
     <span class='ocr_line' id='line_1_34' title="bbox 243 2542 1593 2585; baseline 0 -11"><span class='ocrx_word' id='word_1_216' title='bbox 243 2544 331 2574; x_wconf 83' lang='lat' dir='ltr'><strong>uteri</strong></span> <span class='ocrx_word' id='word_1_217' title='bbox 358 2542 397 2576; x_wconf 89' lang='lat' dir='ltr'><strong>B.</strong></span> <span class='ocrx_word' id='word_1_218' title='bbox 467 2544 538 2574; x_wconf 84' lang='lat'><strong>335</strong></span> <span class='ocrx_word' id='word_1_219' title='bbox 564 2542 721 2583; x_wconf 83' lang='lat' dir='ltr'><strong>ingentes</strong></span> <span class='ocrx_word' id='word_1_220' title='bbox 746 2543 923 2584; x_wconf 84' lang='lat' dir='ltr'><strong>ocreisque</strong></span> <span class='ocrx_word' id='word_1_221' title='bbox 949 2544 989 2577; x_wconf 92' lang='lat' dir='ltr'><strong>D.</strong></span> <span class='ocrx_word' id='word_1_222' title='bbox 1025 2553 1121 2575; x_wconf 83' lang='lat' dir='ltr'><strong>suras</strong></span> <span class='ocrx_word' id='word_1_223' title='bbox 1148 2543 1257 2574; x_wconf 88' lang='lat' dir='ltr'><strong>ocreis</strong></span> <span class='ocrx_word' id='word_1_224' title='bbox 1282 2542 1307 2574; x_wconf 91' lang='lat' dir='ltr'><strong>l.</strong></span> <span class='ocrx_word' id='word_1_225' title='bbox 1370 2544 1439 2574; x_wconf 84' lang='grc'><strong>336</strong></span> <span class='ocrx_word' id='word_1_226' title='bbox 1463 2552 1593 2585; x_wconf 87' lang='lat' dir='ltr'><strong>panno-</strong></span> 
     </span>
     <span class='ocr_line' id='line_1_35' title="bbox 242 2601 1592 2645; baseline -0.001 -9"><span class='ocrx_word' id='word_1_227' title='bbox 242 2604 374 2636; x_wconf 84' lang='lat' dir='ltr'><strong>niorum</strong></span> <span class='ocrx_word' id='word_1_228' title='bbox 394 2603 433 2635; x_wconf 88' lang='lat' dir='ltr'><strong>D.</strong></span> <span class='ocrx_word' id='word_1_229' title='bbox 482 2605 551 2635; x_wconf 76' lang='lat'><strong>337</strong></span> <span class='ocrx_word' id='word_1_230' title='bbox 577 2603 679 2635; x_wconf 83' lang='lat' dir='ltr'><strong>alium</strong></span> <span class='ocrx_word' id='word_1_231' title='bbox 706 2602 828 2635; x_wconf 81' lang='lat' dir='ltr'><strong>dextro</strong></span> <span class='ocrx_word' id='word_1_232' title='bbox 849 2603 874 2637; x_wconf 89' lang='lat' dir='ltr'><strong>I.</strong></span> <span class='ocrx_word' id='word_1_233' title='bbox 925 2606 996 2635; x_wconf 80' lang='lat'><strong>338</strong></span> <span class='ocrx_word' id='word_1_234' title='bbox 1019 2603 1077 2636; x_wconf 87' lang='lat' dir='ltr'><strong>dat</strong></span> <span class='ocrx_word' id='word_1_235' title='bbox 1103 2608 1232 2635; x_wconf 83' lang='lat' dir='ltr'><strong>tantum</strong></span> <span class='ocrx_word' id='word_1_236' title='bbox 1251 2602 1288 2636; x_wconf 91' lang='lat' dir='ltr'><strong>C.</strong></span> <span class='ocrx_word' id='word_1_237' title='bbox 1316 2602 1388 2645; x_wconf 88' lang='lat' dir='ltr'><strong>ipse</strong></span> <span class='ocrx_word' id='word_1_238' title='bbox 1408 2602 1499 2635; x_wconf 81' lang='lat' dir='ltr'><strong>A.c.</strong></span> <span class='ocrx_word' id='word_1_239' title='bbox 1511 2602 1552 2635; x_wconf 94' lang='lat' dir='ltr'><strong>D.</strong></span> <span class='ocrx_word' id='word_1_240' title='bbox 1565 2601 1592 2634; x_wconf 91' lang='lat'><strong>1.</strong></span> 
     </span>
     <span class='ocr_line' id='line_1_36' title="bbox 241 2661 1591 2705; baseline -0.003 -9"><span class='ocrx_word' id='word_1_241' title='bbox 241 2665 309 2696; x_wconf 72' lang='lat'><strong>341</strong></span> <span class='ocrx_word' id='word_1_242' title='bbox 339 2663 426 2696; x_wconf 89' lang='lat' dir='ltr'><strong>dona</strong></span> <span class='ocrx_word' id='word_1_243' title='bbox 451 2667 625 2705; x_wconf 85' lang='lat' dir='ltr'><strong>gerentem</strong></span> <span class='ocrx_word' id='word_1_244' title='bbox 654 2664 694 2697; x_wconf 91' lang='lat' dir='ltr'><strong>D.</strong></span> <span class='ocrx_word' id='word_1_245' title='bbox 730 2663 927 2697; x_wconf 85' lang='lat' dir='ltr'><strong>nonnullum</strong></span> <span class='ocrx_word' id='word_1_246' title='bbox 955 2665 1022 2697; x_wconf 85' lang='lat' dir='ltr'><strong>tale</strong></span> <span class='ocrx_word' id='word_1_247' title='bbox 1048 2664 1075 2699; x_wconf 81' lang='grc' dir='ltr'><strong>Ι.</strong></span> <span class='ocrx_word' id='word_1_248' title='bbox 1138 2666 1208 2697; x_wconf 81' lang='lat'><strong>345</strong></span> <span class='ocrx_word' id='word_1_249' title='bbox 1237 2663 1430 2696; x_wconf 76' lang='lat' dir='ltr'><strong>Vualtartus</strong></span> <span class='ocrx_word' id='word_1_250' title='bbox 1455 2666 1526 2694; x_wconf 88' lang='lat' dir='ltr'><strong>erat</strong></span> <span class='ocrx_word' id='word_1_251' title='bbox 1551 2661 1591 2692; x_wconf 90' lang='lat' dir='ltr'><strong>C.</strong></span> 
     </span>
    </p>
   </div>
  </div>
 </body>
</html>
