1721 2938
220 106 304 149 188

219 551 272 590 45

65 923 207 962 f01.30b.
220 918 273 953 50

215 1277 268 1313 55

213 1637 266 1672 60

214 2003 266 2039 65

521 108 561 150 R
579 108 618 151 U
633 109 672 150 Ο
689 108 729 150 D
744 108 779 149 L
795 107 813 148 I
828 107 865 149 E
880 107 916 149 Β
974 108 1126 164 fragm.
1144 109 1259 153 XIV.

330 262 413 312 Qui
443 261 607 302 dicunt:
651 263 855 314 ‘prompte
883 262 959 301 tibi
990 263 1283 303 subveniemus
1309 266 1353 302 in
1380 266 1457 305 hac
1492 259 1564 303 re.'

332 334 509 375 Rodlieb
542 342 636 386 post
668 332 856 374 dominas
886 335 1042 387 pariter
1071 333 1221 374 direxit
1251 348 1317 374 eas
1345 343 1440 387 tres,

334 406 449 455 Quae
481 407 559 445 cito
590 420 741 449 venere
771 415 866 446 nata
895 415 1119 458 praeeunte
1151 399 1391 460 mo[de'ste].

332 477 490 517 Contra
520 491 622 530 quas
654 492 799 529 agmen
829 480 1009 518 surrexit
1041 480 1097 520 eis
1128 478 1177 518 ad
1200 481 1418 519 honorem.

333 548 480 589 Cuncti
508 549 606 589 dum
637 550 835 600 resident,
864 552 1042 604 spatium
1073 554 1198 594 breve
1228 552 1527 603 conticuerunt,

331 623 450 662 Tunc
483 622 660 662 Rodlieb
692 623 820 674 surgit
851 631 890 662 et
915 633 959 662 ut
990 625 1220 663 auscultent
1248 624 1326 664 sibi
1354 625 1500 676 poscit.

330 697 407 736 His
435 704 530 750 post
560 696 803 736 contribulis
828 702 995 747 pactum
1028 694 1132 734 dixit
1161 697 1227 735 vel
1258 696 1396 735 amicis

473 768 585 823 quod
616 778 653 809 et
713 798 723 808 .
780 796 789 807 .
846 775 984 808 rveret
1018 768 1060 806 in
1102 769 1338 808 alterutrius
1371 782 1566 810 amorem.

681 870 690 880 .
749 841 782 880 si
815 841 937 880 vellet
994 870 1003 880 .

327 988 448 1025 Illum
479 988 513 1024 si
545 987 691 1030 vellet,
722 984 920 1035 rogitant,
950 998 1096 1036 parum
1130 997 1297 1038 quoque
1325 983 1444 1034 ridet,

330 1059 430 1098 Post
457 1057 532 1096 ait:
576 1057 641 1095 ‘an
672 1070 837 1096 servum
874 1056 1000 1095 nolim
1035 1055 1134 1096 ludo
1165 1064 1418 1108 superatum,

331 1131 504 1170 Tessere
537 1143 660 1183 quem
690 1128 769 1168 vici
798 1130 874 1168 sub
904 1129 996 1168 talis
1030 1130 1202 1169 foenore
1230 1129 1352 1182 pacti,

328 1202 411 1242 Seu
445 1203 603 1251 vincat,
640 1215 711 1241 seu
744 1202 1003 1249 succumbat,
1041 1203 1119 1240 soli
1147 1201 1250 1241 mihi
1278 1202 1422 1240 nubat.

329 1273 490 1315 Serviat
522 1273 700 1322 obnixe,
727 1274 846 1322 volo,
878 1286 961 1325 quo
987 1273 1090 1312 mihi
1117 1280 1236 1312 nocte
1263 1271 1427 1326 dieque,

329 1345 452 1394 Quod
485 1354 603 1384 tanto
634 1346 779 1384 melius
812 1346 928 1394 facit,
967 1353 1027 1384 est
1055 1354 1166 1384 tanto
1201 1346 1301 1384 mihi
1331 1345 1482 1385 karus.'

330 1415 454 1456 Tunc
484 1418 592 1456 risus
623 1430 792 1467 magnus
811 1417 856 1455 fit
877 1418 927 1455 ab
957 1417 1148 1457 omnibus
1174 1425 1296 1469 atque
1328 1417 1564 1471 cachinnus,

325 1489 430 1528 Tam
463 1489 769 1542 praesumptive
800 1489 986 1541 loquitur
1017 1488 1128 1542 quod
1159 1497 1242 1528 tam
1273 1491 1340 1529 vel
1369 1491 1509 1530 amice.

321 1561 421 1612 Ejus
450 1571 489 1600 at
521 1570 567 1601 ut
597 1569 769 1599 matrem
802 1568 977 1599 cernunt
1008 1562 1108 1599 haec
1137 1575 1223 1601 non
1251 1571 1509 1614 renuentem,

325 1634 377 1672 Et
406 1648 534 1685 genus
565 1635 780 1672 amborum
811 1646 888 1684 par
918 1647 1123 1686 posseque
1153 1632 1403 1685 divitiarum,

323 1706 563 1746 Discutiunt
591 1714 707 1744 caute
739 1707 845 1744 bene
877 1705 1125 1745 conveniant
1155 1704 1266 1758 quod
1293 1706 1516 1759 utrimque,

324 1780 443 1817 Hanc
474 1778 718 1830 desponsari
751 1778 829 1816 sibi
860 1786 1025 1816 censent
1054 1778 1140 1829 lege
1172 1777 1309 1828 jugali.

329 1852 518 1904 Sponsus
551 1859 592 1889 at
623 1850 802 1889 extraxit
833 1862 1023 1890 ensemve
1050 1849 1252 1901 piramide
1282 1849 1408 1889 tersit.

324 1925 486 1969 Anulus
516 1924 557 1962 in
591 1924 738 1976 capulo
773 1921 881 1961 fixus
911 1922 991 1961 fuit
1020 1937 1168 1962 aureus
1202 1923 1307 1975 ipso,

325 1999 459 2037 Affert
489 2011 613 2050 quem
643 2007 819 2047 sponsae
850 2009 1048 2047 sponsus,
1082 1995 1241 2036 dicebat
1272 2005 1312 2036 et
1340 1995 1393 2036 ad
1424 2011 1480 2047 se,

323 2071 500 2109 ‘Anulus
531 2078 576 2108 ut
606 2067 776 2119 digitum
805 2066 957 2106 circum
987 2068 1094 2120 capit
1123 2067 1308 2125 undique
1334 2077 1478 2121 totum,

329 2140 397 2180 Sic
428 2141 505 2179 tibi
536 2142 692 2191 stringo
727 2138 849 2178 fidem
883 2139 1043 2178 firmam
1074 2141 1140 2179 vel
1171 2142 1466 2191 perpetualem,

326 2214 445 2253 Hauc
477 2226 641 2252 servare
674 2212 775 2250 mihi
809 2210 930 2251 debes
962 2221 1031 2251 aut
1065 2211 1313 2264 decapitari.'

329 2284 445 2334 Quae
477 2285 571 2324 satis
603 2292 732 2323 astute
762 2285 904 2334 juveni
934 2283 1159 2335 respondet
1190 2292 1229 2322 et
1259 2292 1372 2335 apte:

330 2356 533 2396 Judicium
565 2357 694 2408 parile
725 2355 840 2395 decet
869 2363 914 2394 ut
946 2357 1127 2407 patiatur
1153 2365 1340 2408 uterque.

328 2427 415 2467 Cur
448 2442 612 2467 servare
641 2426 761 2466 fidem
792 2427 869 2466 tibi
896 2425 1051 2475 debeo,
1084 2425 1170 2473 dic,
1202 2427 1428 2472 meliorem,

326 2497 461 2547 Quam
495 2498 594 2537 mihi
623 2506 666 2536 tu
700 2495 853 2536 debes?
883 2498 987 2547 Dic,
1018 2500 1050 2537 si
1082 2496 1303 2536 defendere
1334 2496 1476 2548 possis,

326 2571 370 2610 Si
400 2572 581 2610 licuisset
615 2569 753 2618 Adae,
784 2571 998 2610 moecham
1029 2569 1275 2622 superaddat
1308 2576 1352 2607 ut
1380 2568 1503 2617 Evae,

326 2644 461 2684 Unam
497 2642 586 2683 cum
617 2651 767 2684 costam
798 2644 949 2683 faceret
981 2643 1079 2684 deus
1106 2644 1148 2683 in
1181 2641 1407 2690 mulierem,
