1721 2938
542 141 1090 187 WALTHARIUS.

1436 147 1492 186 {CR

280 299 564 351 Congredere,
603 306 642 338 et
672 299 781 338 bello
813 296 1019 338 devictum
1052 311 1149 336 mox
1179 297 1381 350 spoliat0.'

277 373 367 412 Ibat
397 371 588 411 metensis
619 369 786 409 Camelo
824 370 1183 422 metropolitanus,

141 444 221 482 645
280 444 445 483 Vertice
481 444 591 483 fulva
624 442 743 480 micat
775 441 916 491 cassis,
949 441 998 481 de
1031 450 1194 493 pectore
1229 425 1389 490 fflorax,

280 517 330 555 Et
360 517 505 568 procul
535 517 760 556 acclamans
792 518 907 555 ‘heus
944 515 1053 555 audi’
1086 515 1190 554 dixit
1220 513 1383 554 ‘amicel

280 588 381 639 Regi
416 589 671 627 Francorum
703 595 835 627 totum
867 587 1092 626 transmitte
1128 587 1351 635 metallum,

282 658 327 699 Si
359 660 418 700 vis
453 660 622 700 ulterius
654 661 778 701 vitam
810 660 875 700 vel
912 659 1066 697 habere
1097 659 1294 697 salutem.’

216 713 439 774 Conticuit
472 736 640 787 paulum
673 735 802 774 verbo
839 733 1082 773 fortissimus
1114 733 1249 780 heros,

141 810 222 846 650
284 805 518 859 Opperiens
558 806 731 860 propius
767 808 925 845 hostem
957 804 1179 844 advent-are
1213 805 1403 844 ferocem.

277 878 523 921 Advolitans
555 880 701 920 missus
731 893 873 920 vocem
902 878 1154 930 repetiverat
1194 878 1311 916 istam

280 950 395 1003 ‘Regi
427 951 685 991 Francorum
716 958 847 991 totum
883 949 1109 989 transmitte
1141 944 1392 987 metalluml'

281 1022 390 1062 Tum
419 1023 582 1073 juvenis
614 1030 806 1062 constans
846 1035 1090 1073 responsum
1123 1021 1295 1074 protulit
1326 1016 1434 1058 istud

284 1094 407 1144 ‘Quid
439 1093 637 1149 quaeris?
669 1096 734 1135 vel
758 1094 857 1147 quid
890 1093 1019 1144 reddi,
1050 1096 1286 1146 importune
1313 1086 1503 1133 constas?

141 1171 220 1207 655
280 1167 481 1221 Nunquid
518 1167 752 1206 Gunthario
780 1167 949 1205 furabar
970 1167 1065 1205 talia
1094 1167 1176 1218 regi
1189 1164 1208 1205 'a'

283 1241 366 1280 Aut
400 1240 501 1279 mihi
531 1253 608 1292 pro
651 1240 766 1278 lucro
799 1239 1022 1292 quicquam
1056 1237 1280 1279 donauerat
1311 1239 1391 1286 ille,

282 1312 337 1352 Ut
369 1312 517 1352 merito
550 1326 719 1351 usuram
751 1326 814 1351 me
852 1320 969 1363 cogat
999 1312 1159 1351 solvere
1196 1310 1376 1350 tantam?

284 1384 398 1423 Num
431 1399 604 1437 pergens
637 1400 710 1436 ego
747 1384 924 1436 dampna
956 1384 1032 1422 tuli
1062 1391 1219 1423 vestrae
1251 1382 1420 1434 regioni,

287 1456 344 1496 Ut
377 1457 441 1496 vel
472 1458 566 1495 hinc
594 1460 700 1505 juste
740 1456 881 1496 videar
914 1457 1131 1507 spoliarier
1160 1469 1182 1494 a
1216 1454 1283 1493 te?

145 1531 225 1566 660
286 1526 330 1566 Si
359 1535 511 1567 tantam
543 1527 741 1568 invidiam
775 1527 930 1567 cunctis
959 1541 1057 1579 gens
1088 1528 1256 1566 exhibet
1285 1530 1371 1574 ista,

282 1600 338 1641 Ut
371 1601 526 1640 calcare
556 1601 690 1641 solum
721 1601 827 1640 nulli
861 1599 1058 1640 concedat
1091 1600 1218 1648 eunti,

284 1673 386 1714 Ecce
418 1674 526 1713 viam
564 1687 747 1722 mercor,
778 1673 865 1724 regi
897 1674 1124 1712 transmitto
1161 1672 1354 1712 ducentas

286 1745 504 1791 Armillas3
535 1760 677 1799 pacem
708 1745 832 1786 donet
867 1744 1019 1794 modo,
1051 1745 1157 1783 bella
1184 1743 1422 1783 remittens!

220 1801 355 1861 Haec
385 1829 606 1874 postquam
636 1820 804 1860 camelo
838 1820 1018 1872 percepit
1050 1818 1172 1859 corde
1207 1819 1340 1858 serino

148 1895 226 1931 665
288 1891 594 1944 ‘Amplificabis’
622 1892 678 1930 ait
709 1891 904 1940 ί(Ιοωιοι,
934 1890 1031 1930 dum
1062 1892 1212 1930 scrinia
1242 1889 1402 1942 pandis.

289 1961 589 2001 Consummare
620 1963 769 2001 etenim
802 1975 1012 2001 sermones
1045 1976 1153 2000 nuuc
1185 1964 1280 2001 volo
1317 1969 1508 2013 cunctos;

286 2033 369 2072 Aut
400 2036 584 2086 quaesita
614 2033 752 2083 dabis,
783 2042 853 2072 aut
883 2035 1005 2074 vitam
1039 2035 1234 2084 sanguine
1267 2033 1438 2072 fundes?

288 2105 354 2145 Sic
387 2106 441 2146 ait
472 2114 510 2145 et
542 2106 744 2159 triplicem
777 2106 954 2158 clipeum
986 2106 1148 2156 collegit
1179 2106 1221 2144 in
1255 2105 1406 2152 ulnam,

288 2178 339 2216 Et
371 2178 553 2231 crispans
584 2179 729 2219 hastile
762 2180 916 2218 micans
948 2179 988 2219 vi
1018 2178 1165 2217 nititur
1194 2177 1319 2225 omni,

149 2255 228 2290 670
289 2250 346 2290 Ac
375 2251 483 2300 jacit.
541 2260 580 2290 at
609 2252 771 2301 juvenis
803 2250 957 2292 devitat
990 2250 1150 2290 cautior
1178 2250 1315 2288 ictum.

291 2324 417 2363 Hasta
450 2326 595 2365 volans
627 2339 740 2366 casso
771 2325 960 2364 tellurem
991 2326 1163 2364 vulnere
1194 2321 1367 2362 mordet.

288 2397 549 2437 waltharius
581 2396 744 2438 tandem
790 2398 838 2436 ‘si
867 2398 923 2437 sic
964 2397 1108 2449 placet’
1138 2396 1273 2448 inquit
1302 2392 1505 2444 ‘agamusff

245 2560 315 2590 650
339 2559 522 2600 superbum
561 2561 600 2592 Β.
674 2564 744 2593 652
778 2560 860 2593 fehlt
899 2563 937 2593 Α.
1015 2563 1083 2593 665
1115 2564 1174 2591 aut
1206 2557 1284 2599 quid
1322 2556 1361 2589 Β.
1435 2557 1503 2587 659

152 2619 266 2650 uideas
291 2618 329 2651 C.
406 2620 475 2651 668
502 2629 540 2650 ac
569 2620 608 2652 B.
681 2624 747 2653 671
778 2619 901 2654 moi-dit
941 2621 982 2653 B.
1054 2621 1123 2652 672
1157 2627 1272 2651 eamus
1297 2616 1348 2657 E,
1385 2615 1503 2657 belge-

170 2678 327 2712 clirieben
351 2678 432 2712 abet·
457 2690 608 2722 agamus.
