1721 2938
1385 156 1501 183 xxvn

260 293 360 332 wie
392 308 478 333 nun
509 294 551 332 in
584 292 658 332 der
687 292 930 333 classischen
958 295 1098 346 poesie
1129 291 1194 332 die
1228 293 1504 345 hauptcaesur

143 366 234 405 ihre
264 365 430 405 iibliche
473 367 586 406 stelle
619 366 825 405 verlassen
866 368 1002 415 kann,
1049 381 1094 407 so
1132 366 1290 406 rficken
1336 367 1409 407 mit
1436 367 1504 407 ihr

144 440 249 480 auch
276 437 341 478 die
370 440 518 489 reinne3
550 452 591 478 es
621 437 777 489 geniige
809 438 901 477 hier
927 437 992 478 die
1026 440 1278 492 wichtigsten
1308 440 1402 481 fa'lle
1431 456 1503 481 an·-

143 513 343 563 zugeben.

255 581 420 621 Seltner
460 581 511 620 ist
560 580 633 620 der
677 581 781 620 reim
826 582 953 621 sehon
999 584 1075 622 auf
1113 582 1178 622 die
1223 585 1392 636 hebung
1432 584 1502 625 des

141 655 320 695 zweiten
350 653 477 693 fusses
509 654 662 704 gelegt‚
706 654 792 691 ecb.
827 657 962 693 1221:

254 727 366 766 Laus
398 726 553 766 domim}
583 727 654 778 qui
685 740 749 765 me
781 727 957 766 salvarat
997 724 1118 765 dente
1149 728 1294 779 lupino,

143 812 210 838 wo
241 796 456 838 Fromund
488 799 611 837 leicht
643 798 907 849 geschriebcn
942 799 1074 838 hatte:

252 870 364 909 Laus
395 870 468 923 qui
499 884 562 909 ine
596 869 764 910 domiuo
796 873 973 910 salvarat
1006 869 1127 909 dente
1170 872 1333 923 lupino.

140 943 336 995 lliiufiger
369 944 444 981 auf
469 941 533 981 die
568 944 933 995 hepthemimeris,
979 943 1019 983 d.
1046 944 1073 985 i.
1118 943 1183 983 die
1224 946 1389 996 licbung
1433 944 1502 984 (les

137 1016 319 1065 viel-ten,
349 1031 386 1055 z.
418 1016 457 1055 b.
489 1016 648 1056 Walih.
686 1019 820 1057 1304:

252 1089 330 1129 Hic
360 1103 436 1128 rex
469 1088 728 1129 Guntharius
759 1092 927 1143 coeptu'm
959 1090 1181 1129 nieditatur
1211 1089 1391 1141 inc-plion.

137 1164 223 1203 ecb-
256 1166 352 1202 566.
382 1165 487 1202 833:

250 1235 493 1274 Accelerare
524 1234 743 1286 palatina'm
775 1233 886 1287 quod
918 1234 1114 1274 conderet
1144 1234 1290 1273 aulam.

250 1309 364 1347 Dum
393 1307 502 1359 rapit
533 1307 643 1345 huuc
683 1306 830 1356 judaea
860 1309 1003 1346 mamis
1045 1309 1149 1346 bene
1188 1306 1349 1347 conscia
1381 1307 1500 1353 cujas.

135 1378 259 1420 Rudl.
293 1383 329 1429 1,
365 1382 430 1417 10.
466 1382 543 1417 70:

248 1451 337 1491 Seu
367 1452 478 1490 bello
511 1464 581 1489 seu
614 1451 761 1489 venani
792 1463 862 1488 seu
895 1448 1079 1501 quolibet
1114 1453 1212 1490 acti).

248 1522 305 1563 Ut
336 1536 423 1562 non
453 1520 700 1561 deseruisset
730 1523 769 1559 se
799 1520 957 1560 nolitve
986 1518 1139 1572 perire.

132 1596 359 1638 Hrosuith:

250 1668 507 1708 Francorum
539 1664 670 1717 gentis
710 1663 895 1704 ‹loniino's
924 1662 1178 1717 praenobilis
1215 1663 1350 1701 almos,

287 1830 413 1864 Graeci
440 1829 594 1862 blavotas
619 1830 778 1862 volucres
805 1832 887 1861 tunc
913 1836 980 1860 non
1007 1826 1093 1859 bene
1120 1830 1229 1867 notas,

286 1893 478 1933 Falcones,
502 1892 616 1931 nisos,
649 1891 740 1923 velut
766 1900 822 1923 res
849 1889 885 1932 (2
900 1889 1070 1930 volucres)
1105 1899 1172 1921 non
1200 1892 1300 1921 antea
1329 1887 1420 1920 visos

286 1953 366 1986 Huc
391 1951 641 1995 apportabant,
666 1951 708 1984 ad
736 1956 861 1984 terram
888 1950 967 1983 dum
995 1949 1236 1993 properabant.

136 2027 169 2058 p.
183 2016 264 2047 807.
291 2014 448 2055 Suntque
466 2011 668 2055 philomelae
685 2013 723 2053 (l.
740 2011 967 2055 philomenae)
982 2011 1052 2053 jain
1073 2009 1197 2043 Christi
1215 2010 1350 2043 numine
1368 2010 1500 2054 plenae,

286 2073 375 2107 Nam
402 2074 558 2106 volucres
584 2074 669 2106 tales
694 2073 817 2105 sistunt
843 2071 968 2104 Christi
995 2072 1159 2105 moniales
1184 2089 1230 2096 —

285 2133 351 2167 Est
379 2139 413 2168 et
440 2135 511 2167 avis
537 2135 642 2175 lenit,
669 2144 757 2176 quae
781 2126 889 2166 'bellat
915 2144 1014 2175 quam
1041 2134 1109 2166 cito
1135 2133 1218 2166 vivit
1242 2151 1288 2159 —

287 2195 366 2229 Non
393 2200 444 2228 est
469 2197 502 2228 in
530 2195 656 2229 mundo
681 2196 820 2228 volucer
844 2195 988 2228 volitans
1014 2200 1052 2228 ut
1082 2194 1225 2229 hirundo
1251 2213 1295 2220 —

135 2270 167 2301 p.
186 2260 267 2292 808.
297 2258 516 2300 Agricultura
543 2257 624 2290 dant
659 2257 829 2290 centesies
858 2266 919 2289 sua
941 2257 1031 2299 jura.

285 2320 426 2352 Zuletzt
460 2317 547 2352 noch
584 2318 640 2352 die
666 2320 743 2351 weit
779 2318 911 2351 alteren
944 2317 1004 2351 des
1031 2317 1302 2361 Langobarden‚
1339 2317 1400 2351 der
1433 2316 1499 2349 den

133 2380 255 2423 prolog
280 2391 324 2413 zu
350 2379 501 2414 Rothars
526 2384 690 2422 gesetzen
718 2378 882 2412 abfasste:

284 2440 348 2473 Est
374 2451 470 2474 error
494 2445 649 2483 spretus,
683 2450 751 2482 quo
777 2439 983 2482 langobarda
1006 2440 1169 2482 juventus

283 2500 442 2536 Errabat.
482 2513 597 2535 verum
626 2502 774 2544 loquitur
809 2512 898 2535 nunc
931 2501 1054 2544 pagina
1087 2510 1226 2534 sensum

284 2561 418 2603 Efflcti,
447 2564 550 2596 rectis
575 2564 667 2605 quod
693 2563 831 2596 strinxit
854 2561 988 2595 Rothar
1014 2561 1162 2594 habenis.

285 2623 484 2656 Walcausus
510 2623 669 2665 meritiis,
710 2634 810 2666 quem
834 2623 949 2656 laudat
972 2621 1081 2654 scriba
1110 2621 1270 2662 disertus,

285 2684 488 2719 Nostrorum
515 2695 632 2728 regum
666 2691 743 2720 suut
770 2685 844 2720 hinc
871 2683 1011 2718 exordia
1038 2685 1164 2727 legum.
