1721 2938
228 135 283 176 34
660 135 1154 178 WAh'rtlARlUS.

372 286 640 337 Silvestrique
670 285 778 322 ferae
811 297 980 336 corpus,
1018 286 1195 324 animam
1226 284 1338 326 dedit
1368 286 1490 329 Oreo.

318 344 462 400 Hunc
489 371 575 397 sese
607 358 792 396 ulturum
824 357 1034 410 spondens
1067 358 1282 400 Gerwicus
1313 361 1461 413 adivit;

231 440 310 476 915
369 435 451 483 Qui
475 433 573 472 forti
601 434 820 472 subvectus
851 447 958 486 equo
989 436 1229 484 supravolat
1258 447 1424 475 omnem

369 507 576 557 Stragem,
610 519 713 558 quae
743 513 955 557 angustam
986 507 1237 545 concluserat
1272 508 1396 548 obvia
1423 509 1579 549 callem.

368 579 422 618 Et
452 577 548 616 dum
579 578 824 628 bellipotens
856 587 1058 616 resecaret
1090 579 1192 617 colla
1220 580 1410 629 jacentis,

364 652 491 690 Venit
519 658 558 688 et
588 649 801 700 ancipitem
833 649 1008 688 vibravit
1039 649 1081 686 in
1113 663 1185 687 ora
1215 651 1453 701 bipennem.

367 723 489 762 Istius
523 734 618 771 ergo
649 719 762 759 modi
792 708 962 760 Francis
990 728 1088 757 tunc
1121 734 1233 759 arma
1263 722 1390 761 suere.

226 797 307 832 920
363 793 440 832 Vir
471 792 578 830 celer
608 792 754 840 objecit
782 793 954 843 peltam,
1000 792 1213 832 frustravit
1245 801 1283 831 et
1313 793 1462 845 ictum3

360 864 418 902 Ac
445 871 557 901 retro
591 863 739 901 saliens
770 864 927 902 hastam
958 865 1144 914 rapiebat
1176 864 1371 914 amicam,

366 935 731 986 Sanguineumque
762 936 857 974 ulva
887 934 1010 974 viridi
1040 934 1246 974 dimiserat
1277 950 1428 976 ensem.

364 1007 441 1045 Hic
471 1019 571 1046 vero
601 1006 822 1044 metuenda
851 1008 985 1045 virum
1018 1014 1106 1045 tum
1137 1007 1245 1045 bella
1275 1007 1447 1049 videres.

361 1076 505 1116 Sermo
537 1076 702 1128 quidem
734 1078 871 1115 nullus
900 1077 978 1115 suit
1008 1077 1116 1115 inter
1145 1078 1290 1116 martia
1322 1078 1425 1127 tela;

224 1152 303 1188 925
362 1148 428 1187 Sic
460 1157 546 1187 erat
577 1147 753 1187 adverso
783 1162 898 1187 mens
928 1149 1080 1187 horum
1108 1149 1268 1187 intenta
1299 1148 1452 1189 duello.

360 1222 398 1259 Is
430 1221 552 1270 furit,
593 1229 639 1259 ut
670 1233 807 1259 caesos
841 1219 1010 1259 mundet
1040 1219 1217 1260 vindicta
1244 1219 1428 1272 sodales3

362 1293 436 1331 Ille
473 1291 608 1332 studet
637 1294 762 1332 vitam
791 1300 880 1331 toto
913 1292 1134 1331 defendere
1165 1293 1283 1342 nisu,

358 1363 432 1412 Et,
477 1365 510 1402 si
541 1365 625 1403 fors
660 1363 838 1414 dederit,
879 1366 1057 1415 palmam
1086 1365 1266 1402 retinere
1298 1363 1512 1416 triumphi.

358 1436 437 1475 Hic
472 1436 588 1484 serit,
619 1436 688 1474 ille
716 1444 855 1484 cavet,
886 1437 988 1487 petit
1017 1436 1108 1484 ille,
1136 1435 1362 1475 reflectitur
1390 1437 1488 1486 iste3

221 1513 302 1548 930
359 1508 422 1548 Ad
455 1507 638 1547 studium
670 1508 755 1546 {ors
787 1516 823 1547 et
854 1509 984 1547 virtus
1014 1509 1238 1548 miscentur
1267 1509 1310 1546 in
1344 1522 1486 1548 unum.

359 1581 503 1631 Longa
530 1588 665 1618 tamen
699 1580 832 1631 cuspis
864 1580 1049 1619 breviori
1079 1580 1235 1632 depulit
1264 1582 1421 1621 hostem

356 1653 572 1691 Armatum
604 1653 708 1701 telo,
745 1653 847 1703 girat
879 1652 948 1691 sed
980 1660 1019 1690 et
1049 1653 1117 1691 ille
1146 1653 1322 1701 cavallo,

358 1713 494 1777 Atque
525 1725 736 1775 fatigatum
769 1725 960 1775 cupiebat
988 1724 1129 1763 fallere
1165 1725 1402 1763 homonem.

313 1780 418 1837 Jam
449 1799 574 1849 magis
602 1807 724 1851 atque
756 1799 879 1849 magis
909 1800 1066 1837 irarum
1097 1800 1203 1837 mole
1232 1805 1422 1849 gravatus

220 1875 299 1912 935
359 1873 618 1912 VValtharius
649 1873 822 1923 clipeum
855 1871 1035 1911 Gerwici
1062 1871 1225 1909 sustulit
1251 1870 1402 1920 imum,

356 1945 700 1996 Transmissoque
727 1944 862 1981 femur
891 1951 1180 1994 penetraverat
1202 1943 1369 1993 inguine
1399 1943 1572 1984 ferrum.

361 2014 444 2063 Qui
475 2024 568 2067 post
595 2024 706 2064 terga
743 2028 868 2053 ruens
901 2016 1117 2053 clamorem
1151 2012 1336 2065 prodidit
1368 2022 1523 2063 atrum,

357 2087 623 2139 Exitiumque
657 2087 822 2134 dolens„
861 2088 1049 2138 pulsabat
1080 2087 1257 2125 calcibus
1288 2099 1450 2126 arvum.

357 2158 480 2196 Hunc
511 2158 630 2196 etiam
664 2167 853 2197 truncum
888 2172 1002 2197 caesa
1035 2159 1189 2197 cervice
1221 2156 1402 2208 reliquit.

220 2232 299 2270 940
361 2230 438 2269 Hic
465 2231 506 2269 in
539 2230 799 2268 wormatiae
831 2231 983 2280 campis
1013 2242 1146 2268 comes
1179 2228 1314 2266 extitit
1343 2236 1449 2267 ante.

305 2286 441 2343 Tum
471 2305 649 2355 primum
679 2302 830 2343 Franci
857 2310 1055 2354 ceperunt
1088 2303 1195 2341 forte
1225 2302 1400 2351 morari,

332 2425 400 2455 913
434 2431 625 2465 corpusque
651 2420 693 2454 E.
789 2422 858 2452 914
892 2421 1063 2454 Gerwitus
1098 2422 1138 2453 C.
1240 2421 1310 2452 915
1339 2421 1375 2451 et
1403 2417 1502 2450 fortis
1527 2418 1568 2451 C.

217 2486 286 2516 917
311 2482 488 2515 recidisset
509 2482 552 2514 B.
637 2483 706 2513 919
733 2481 896 2522 istiusque
921 2481 960 2514 C.
1056 2483 1126 2515 922
1160 2480 1382 2522 sanguineum
1414 2478 1493 2511 ulva
1528 2480 1567 2512 C.

216 2545 285 2574 923
313 2543 372 2574 Sic
397 2553 480 2574 uero
507 2543 547 2576 A.
596 2543 666 2574 924
691 2541 811 2573 inertia
837 2542 906 2574 tela
932 2542 970 2574 C.
986 2541 1027 2575 E.
1077 2543 1145 2573 929
1173 2542 1257 2585 petit
1282 2542 1348 2574 iste
1370 2557 1418 2564 —
1441 2539 1498 2572 ille
1526 2538 1567 2570 Β.

216 2604 285 2634 935
319 2602 476 2634 Keruuiti
513 2603 552 2636 B.
607 2601 750 2634 Getwiti
783 2601 822 2635 C.
873 2612 976 2634 unum
1011 2602 1051 2635 C.
1158 2604 1227 2635 936
1260 2599 1490 2636 transmissum
1526 2597 1565 2630 C.

212 2664 282 2694 938
308 2662 481 2704 exiuitque
506 2662 546 2695 B.
620 2664 690 2696 940
715 2661 805 2697 idem
831 2663 1023 2696 wormatiae
1048 2662 1088 2697 B.
