1721 2938
225 125 310 167 366

757 122 1055 166 UNIBOS.

396 425 463 459 95.

395 709 460 745 96.

394 1284 459 1320 98.

390 1569 458 1605 99.

362 1855 455 1890 100.

365 2143 456 2178 tot.

363 2427 456 2461 102.

518 276 615 314 Post
644 281 919 326 comparatam
950 274 1141 313 bucinam

517 347 752 386 Vertuntur
783 345 826 384 in
856 346 1069 385 insaniam.

520 419 698 458 Duobus
729 416 825 456 dicit
854 419 1093 470 presbyter:

519 490 644 540 ‘Oro‚
678 503 826 542 precor
858 490 1155 542 sollempniter,

516 561 573 600 Ut
603 561 762 612 primus
794 560 1035 600 interficiam

519 632 723 683 Sponsam
754 632 854 670 mihi
884 630 1148 669 carissimam.

519 705 581 743 En
613 712 844 756 praestetur
872 703 1100 754 gratissima

518 776 626 813 Mihi
656 776 792 814 vitalis
826 775 991 814 bucina.

518 848 743 887 Minorabo
774 861 848 898 per
875 849 1062 896 jugulum

515 919 843 971 Presbyterissae
874 919 1048 957 senium.

446 1021 454 1030 .
512 991 611 1030 Post
642 1004 706 1029 me
738 988 942 1029 secundus
970 989 1160 1029 bucinam

515 1064 707 1102 Assumet
739 1063 1068 1111 saluberrimam,

518 1134 602 1183 Qui
632 1135 748 1187 prior
780 1148 896 1174 suam
927 1134 1122 1173 feminam

515 1206 684 1248 Occidet
717 1206 821 1245 sicut
852 1205 1049 1245 vitulam.’

520 1279 746 1318 PetitIOnes
778 1285 969 1317 annuunt

514 1350 775 1400 Sacerdotis,
807 1364 928 1403 quem
963 1349 1152 1401 diligunt,

514 1422 569 1461 Ut
599 1420 781 1470 occidat,
812 1429 856 1460 ut
885 1421 1053 1471 iugulet‚

515 1491 572 1531 Ut
602 1493 775 1532 occisam
804 1493 1033 1532 resuscitet.

517 1566 552 1603 It
583 1564 773 1604 sacerdos
804 1577 896 1603 cum
928 1565 1078 1604 bucina

512 1637 707 1676 Armatus
738 1651 789 1675 ex
820 1636 994 1686 insania,

514 1707 741 1746 Moriturae
772 1706 840 1746 dat
868 1707 996 1757 basia,

514 1778 663 1818 Stricta
697 1793 812 1818 coma
843 1778 1031 1817 feminea.

516 1851 736 1890 Cultellum
768 1858 967 1889 monstrat
997 1851 1228 1902 presbyter,

515 1922 704 1962 Ridendo
735 1922 829 1961 dicit
860 1922 1028 1962 mulier:

514 1993 638 2042 ‘Quid
668 1994 813 2042 vultis,
843 2007 956 2042 care,
988 1991 1153 2033 facere?

513 2067 653 2107 Nolite
684 2064 787 2104 dure
818 2064 976 2104 facere-⁹

516 2137 715 2178 Sacerdos
746 2137 800 2177 ait
828 2137 988 2176 letifer:

513 2211 586 2250 ‘Te
615 2211 811 2261 jugulabo
844 2208 1031 2258 dulciter,

512 2282 559 2319 lu
589 2283 761 2330 juvenili
790 2294 964 2332 corpore

511 2352 712 2402 Resurges
741 2364 842 2390 voce
871 2352 1072 2390 bucinae)

514 2423 657 2462 Solum
689 2421 785 2462 vae!
817 2423 961 2461 clamat
993 2421 1159 2471 femina,

512 2496 710 2534 Percussa
739 2498 842 2544 jacet
872 2502 1047 2532 mortua.

513 2566 673 2606 Stultus
708 2566 996 2619 paterfamilias

513 2639 723 2678 Exclamat
755 2638 832 2678 deo
862 2639 1022 2689 gratias,
