1721 2938
219 118 275 157 26

616 115 1160 159 WAL'PHARIUS.

216 415 296 450 675

355 267 407 306 Et
436 267 559 306 simul
584 268 625 305 in
657 265 772 304 dictis
802 265 958 305 hastam
990 265 1228 303 transmisit.
1287 275 1326 305 at
1355 267 1425 306 illa

359 341 440 379 Per
469 342 632 378 laevum
663 339 770 376 latus
801 337 994 376 umbonis
1025 337 1234 386 transivit,
1266 346 1304 376 et
1334 353 1423 378 ecce

356 412 553 460 Palmam,
585 425 667 462 qua
698 409 865 449 Camelo
897 423 1137 448 mucronem
1170 409 1342 449 educere
1375 412 1520 463 coepit,

355 482 538 523 Confixit
567 483 742 531 femori,
777 489 1077 534 transpungens
1108 490 1216 533 terga
1249 483 1408 521 cavalli.

356 555 444 594 Nec
471 569 611 604 mora3
643 553 740 593 dum
771 555 924 593 vulnus
956 555 1082 593 sensit
1114 553 1291 605 sonipes,
1324 554 1421 593 furit
1456 563 1581 608 atque

355 626 579 665 Excutiens
610 624 780 663 dorsum
809 638 1011 664 sessorem
1042 634 1224 663 sternere
1255 634 1438 677 temptat,

361 697 413 737 Et
444 700 582 737 forsan
617 699 791 745 laceret,
834 698 877 735 ni
906 700 1048 736 lancea
1078 697 1160 736 fixa
1190 705 1361 736 teneret.

219 777 299 811 680
330 755 503 812 Interea
533 787 719 825 parmam
751 772 919 811 Camelo
952 771 1104 810 dimisit
1135 780 1172 810 et
1217 772 1374 810 hastam

219 1131 299 1167 665

225 1493 305 1529 690

225 1856 306 1891 093

226 2214 305 2248 700

360 842 613 896 Complexus
644 844 759 882 laeva
791 838 944 893 satagit
963 841 1155 882 divellere
1189 841 1347 882 dextra.

360 913 480 962 Quod
513 914 610 954 dum
641 914 893 966 perspiciens
929 915 1056 953 currit
1095 915 1387 953 celeberrimus
1419 916 1554 966 lier057

359 987 410 1026 Et
439 985 544 1038 pede
580 1000 814 1039 compresso
846 988 1119 1038 capulotenus
1150 986 1297 1036 ingerit
1329 1000 1481 1036 ensem,

363 1054 498 1104 Quem
529 1057 651 1096 simul
684 1057 863 1097 educens
893 1059 1051 1096 hastam
1084 1056 1132 1096 de
1163 1058 1334 1097 vulnere
1369 1058 1505 1098 traxit.

361 1129 480 1169 Tunc
512 1144 644 1183 equus
676 1139 715 1169 et
750 1130 942 1170 dominus
974 1132 1078 1170 liora
1113 1129 1294 1169 cecidere
1324 1133 1400 1170 sub
1433 1146 1529 1171 una.

361 1202 414 1240 At
445 1200 542 1240 dum
585 1203 692 1242 sorte
723 1217 853 1254 nepos
886 1210 1159 1254 conspexerat
1195 1203 1272 1242 hoc
1304 1202 1553 1255 Camalonis,

364 1273 494 1314 Filius
525 1275 680 1326 ipsius,
708 1275 832 1314 Kimo
865 1276 1120 1326 cognomine,
1153 1275 1305 1324 fratris,

359 1344 492 1394 Quem
507 1348 694 1386 referunt
710 1346 876 1399 quidam
887 1345 1213 1386 Scaramnndum
1227 1348 1394 1387 nomine
1411 1347 1587 1395 dictum3

361 1420 536 1470 Ingemit
569 1429 607 1459 et
636 1420 814 1458 lacrimis
847 1420 1065 1471 compellat
1097 1419 1251 1459 tristior
1281 1434 1424 1461 omnes

366 1493 490 1531 ‘Haec
521 1507 586 1532 me
616 1507 715 1544 prae
746 1493 903 1531 cunctis
933 1493 1015 1530 heu
1046 1493 1211 1543 respicit
1243 1493 1347 1532 actio
1386 1509 1541 1535 rerum.

369 1564 494 1605 Nunc
524 1574 593 1604 aut
633 1565 881 1605 commoriar
909 1565 975 1604 vel
1016 1578 1155 1604 carum
1188 1566 1358 1604 ulciscar
1387 1567 1589 1607 amicum?

362 1635 555 1689 Namque
589 1646 760 1689 angusta
792 1637 873 1677 loci
902 1638 1034 1676 solum
1068 1652 1314 1677 concurrere
1345 1639 1422 1678 soli

365 1707 598 1759 Cogebant‚
631 1724 706 1748 nec
747 1711 965 1763 qnisquam
998 1710 1067 1748 alii
1095 1724 1334 1750 succurrere
1376 1711 1521 1764 quivit.

363 1779 542 1822 Advolat
569 1782 716 1821 infelix
748 1781 1054 1822 Scaramundus
1083 1786 1163 1833 jam
1198 1784 1435 1834 moriturus,

365 1853 472 1893 Bina
505 1868 629 1894 manu
660 1856 743 1893 lato
777 1855 960 1907 crispans
991 1855 1151 1894 hastilia
1183 1856 1309 1897 ferro.

365 1923 447 1972 Qui
479 1925 574 1964 dum
606 1927 891 1966 *VValtharium
937 1928 1053 1967 nullo
1088 1936 1245 1967 terrore
1276 1927 1435 1967 videret

366 1998 607 2036 Permotum
637 1998 850 2052 fixumque
886 2000 978 2038 loco
1011 1999 1231 2038 consistere
1262 1999 1304 2037 in
1335 2001 1440 2051 ipso,

363 2069 429 2109 Sic
461 2071 515 2109 ait
546 2071 786 2112 infrendens
817 2081 855 2111 et
894 2073 1096 2124 equinam!
1118 2072 1271 2111 vertice
1303 2071 1474 2110 caudam
1595 2122 1598 2125 ι

364 2139 613 2180 Concutiens
656 2143 709 2180 ‘in
753 2156 836 2195 quo
868 2140 989 2180 fidis?
1039 2144 1103 2180 vel
1136 2141 1234 2194 quid
1270 2150 1339 2180 tua
1369 2154 1461 2192 spes
1495 2140 1586 2180 est?

363 2211 461 2250 Non
492 2226 565 2263 ego
594 2216 672 2263 jam
704 2228 846 2265 gazam
878 2215 942 2253 vel
972 2228 1109 2253 rerum
1142 2212 1324 2266 quidque
1356 2221 1520 2252 tuarum

365 2285 553 2337 Appeto,
583 2285 653 2325 sed
693 2287 817 2326 vitam
854 2287 1013 2337 cognati
1045 2301 1199 2338 quaero
1232 2288 1462 2338 perempti.’

366 2356 439 2395 Ille
470 2356 617 2397 dehinc
647 2359 693 2398 ‘si
738 2359 981 2407 convincar,
1014 2358 1124 2412 quod
1156 2360 1315 2410 proelia
1341 2359 1499 2411 primus

323 2530 394 2561 682
419 2531 552 2564 cucurit
576 2533 615 2564 Α.
690 2534 759 2564 683
794 2543 996 2576 comprenso
1024 2533 1064 2565 B.
1138 2535 1207 2566 686
1234 2537 1267 2566 et
1303 2534 1344 2566 B.
1394 2536 1463 2567 689
1489 2543 1583 2567 com-

227 2588 322 2629 pellit
348 2588 389 2621 B.
458 2594 530 2625 690
555 2590 608 2625 hic
635 2593 675 2628 C.
748 2596 817 2627 693
844 2594 900 2627 olli
940 2594 978 2627 C.
1046 2596 1113 2626 699
1141 2604 1227 2635 quae
1255 2594 1295 2628 Β.
1321 2594 1362 2628 Ε.
1428 2597 1497 2628 700
1520 2604 1583 2627 nec

223 2657 335 2681 rernm
362 2648 403 2682 Β.
