1721 2938
639 108 977 150 ECBASIS.
1403 111 1487 151 265

283 261 462 314 Impiger
492 262 662 312 ericius,
692 260 900 302 condenso
930 262 1081 301 vellere
1115 268 1254 309 tectus,

281 335 411 375 Poma
441 337 587 385 vehat,
626 335 814 374 miranda
843 342 979 383 canat,
1016 332 1085 374 sed
1123 332 1320 384 amigdala
1352 341 1493 385 ponat.

276 408 421 460 ,Atque
451 421 576 446 nuces
608 407 725 447 corili
754 406 834 444 sint
865 419 1030 445 mensae
1061 406 1228 456 largiter
1256 407 1333 455 isti,

146 482 227 518 660
286 479 453 533 Squirio
482 493 606 532 qnam
637 478 788 518 nobilis
820 478 1012 530 compilet
1041 479 1210 530 pomula
1237 477 1422 529 glandis.'

736 550 897 588 ericius.

284 620 400 671 ‘Quis
430 622 506 661 tibi
539 623 604 663 vel
637 620 801 675 qualis?
831 621 968 672 magni
1000 634 1089 659 sum
1121 630 1238 671 gente
1272 622 1450 672 Catonis,

284 697 351 735 Ex
382 697 508 735 atavis
539 696 664 746 longo
698 696 732 734 si
763 694 876 734 ducis
906 702 1116 733 stemmata
1145 692 1228 743 filo,

287 769 432 807 Disces
463 783 527 807 me
558 777 700 807 natum
733 779 974 818 magnorum
1006 766 1204 816 sanguine
1234 779 1402 817 reguni3

286 842 333 880 Iu
363 856 428 881 me
459 842 692 895 priscorum
725 841 852 880 virtus
888 838 1060 878 defluxit
1091 852 1277 887 avorum,

147 918 227 954 665
289 914 425 967 Stirpe
460 913 661 954 recensita
690 912 923 951 removebis
955 912 1052 952 vilia
1080 914 1202 961 jussa.

292 989 414 1028 Juxta
445 988 685 1040 progeniem
717 984 868 1024 manda
897 983 1129 1025 serviminis
1164 984 1319 1023 artem.7

707 1057 944 1110 leopardus.

291 1132 511 1173 ‘Convenit
542 1146 632 1171 ecce
666 1133 738 1171 tibi
771 1132 858 1171 talis
888 1132 1120 1172 reverentia
1149 1130 1248 1171 fati)

750 1204 911 1243 ericius.

291 1274 412 1315 ‘Hinc
445 1276 579 1316 vivam
613 1278 776 1330 reliquo
808 1276 1038 1329 despectior
1066 1276 1153 1328 ipse
1185 1274 1377 1328 popello.'

705 1349 943 1402 leopardus.

294 1422 513 1474 ‘'l'empore
547 1436 723 1474 namque
756 1435 831 1461 suo
863 1422 1023 1473 generis
1050 1420 1290 1462 recitabitur
1321 1419 1449 1461 ordo?

749 1494 911 1534 ericius.

155 1570 235 1605 670
296 1565 431 1605 ‘Nunc
454 1579 604 1618 sequar
631 1567 709 1606 hoc
732 1570 912 1616 jussum,
945 1564 1171 1618 deposcens
1191 1574 1230 1605 te
1248 1563 1506 1617 leopardum,

293 1637 526 1690 Praecipias
561 1653 773 1691 nunquam
806 1640 909 1678 mihi
940 1639 1246 1690 contemptibile
1275 1639 1509 1691 quicquam.

294 1709 338 1749 Si
372 1710 510 1749 brevis
541 1711 698 1762 existo,
730 1711 926 1764 prudenti
956 1711 1139 1762 regmine
1166 1724 1308 1762 regno,

295 1783 512 1834 Ingenium
544 1798 719 1836 purum,
752 1785 936 1837 sapiens,
968 1784 1144 1833 subtile,
1176 1797 1382 1823 serenum.

293 1856 458 1895 Vilibus
487 1857 531 1895 in
562 1858 742 1897 volucris
772 1858 902 1897 latitat
932 1857 1159 1897 substantia
1189 1856 1370 1908 grandis.

157 1932 236 1968 675
294 1928 483 1968 Marchio
515 1943 603 1968 sum
636 1930 822 1979 Rutulis,
852 1944 1049 1969 romanae
1081 1929 1252 1980 signifer
1279 1929 1405 1976 urbis,

299 2001 370 2040 Est
400 2000 565 2041 testudo
595 2001 697 2040 mihi
729 2002 915 2053 spaciosa
948 2002 1157 2040 cacumine
1191 2001 1292 2049 saxi,

297 2073 448 2112 Tutior
475 2073 546 2112 illa
580 2075 729 2126 magis,
774 2089 899 2127 quam
930 2075 1011 2113 sint
1043 2074 1274 2113 munimina
1304 2073 1423 2125 regis,

294 2144 428 2185 Unius
458 2146 501 2184 in
532 2146 661 2186 sunda
687 2149 899 2199 pelluntur
925 2147 1039 2186 milia
1071 2146 1188 2198 dena,

290 2219 507 2258 Praevalet
537 2228 701 2271 argutas
733 2221 862 2259 hostis
892 2221 1020 2260 vitare
1052 2221 1229 2271 sagittas.

159 2295 239 2330 680
299 2290 523 2331 scandenti
552 2291 680 2345 pediti
709 2306 794 2333 non
831 2301 891 2332 est
922 2294 985 2334 via
1016 2295 1146 2333 libera
1179 2294 1270 2342 soli,

296 2364 383 2402 Vix
413 2365 525 2404 culix
562 2365 782 2419 quisquam
812 2366 989 2406 volitans
1021 2364 1267 2406 conscendet
1298 2361 1483 2411 eandem,

297 2433 364 2473 Sic
396 2437 523 2476 clivus
555 2439 697 2488 castri,
732 2440 870 2480 teretis
903 2440 1020 2493 quasi
1053 2441 1218 2491 sperula
1246 2437 1381 2490 pon1i3

255 2595 323 2626 665
351 2597 527 2628 recenseta
556 2594 595 2627 A.
745 2597 813 2628 673
840 2595 955 2629 subtili
983 2598 1020 2630 A.
1175 2599 1245 2630 676
1271 2596 1443 2630 cacumina
1471 2595 1510 2627 Α.

160 2656 228 2686 6ῖ7
255 2654 296 2686 sit
325 2656 363 2687 A.
532 2658 600 2690 678
628 2666 712 2689 unus
739 2657 777 2690 A.
