1721 2938
162 402 243 440 525

159 765 242 801 530

588 103 1083 148 WAL'PHARIUS.
1456 110 1508 150 21

303 256 401 296 Vidi
428 257 682 308 pannonicas
716 257 845 306 acies,
889 269 981 295 cum
1009 256 1117 295 bella
1148 259 1324 310 cierent,

305 328 461 369 Contra
491 330 750 382 aquilonares
784 330 869 369 sive
894 329 1091 368 australes
1119 332 1328 385 regiones3

302 401 389 440 Illic
421 401 706 449 Waltharius,
735 401 908 451 propria
937 400 1089 440 virtute
1117 415 1333 452 coruscus,

300 472 499 512 Hostibus
527 471 704 518 invisus,
748 471 867 510 sociis
897 472 1108 513 mirandus
1138 476 1300 525 obibat,

306 543 503 597 Quisquis
535 544 572 582 ei
604 556 845 593 congressus
878 553 989 594 erat,
1029 560 1127 586 mox
1156 555 1309 588 tartara
1337 550 1448 591 vidit.

298 614 335 656 O
367 630 443 655 rex
474 624 513 655 et
543 615 711 655 comites
741 623 916 667 experto
947 616 1120 666 credite,
1161 629 1338 671 quantus

300 688 348 727 In
380 689 557 740 clipeum
586 694 748 738 surgat,
790 696 942 740 quanta
972 689 1014 727 vi
1048 696 1236 742 torqueat
1264 694 1449 735 hastam)

302 761 383 800 Sed
415 760 513 800 dum
548 760 804 799 Guntharius
835 759 940 799 male
972 773 1072 800 sana
1101 771 1236 802 mente
1264 775 1455 816 gravatus

299 832 575 885 Nequaquam
609 831 717 871 flecti
747 840 906 883 posset,
946 832 1086 871 castris
1112 835 1375 887 propiabant.

243 887 314 946 Et
343 908 489 959 procul
515 907 715 959 aspiciens
748 907 937 957 Hiltgunt
964 905 1014 945 de
1043 908 1193 948 vertice
1224 912 1374 951 montis

158 1124 239 1165 435

155 1485 237 1523 540

158 1847 238 1885 545

298 984 474 1022 Pulvere
503 983 666 1021 sublato
702 983 911 1021 venientes
941 983 1086 1031 sensit,
1119 991 1159 1022 et
1184 985 1320 1037 ipsum

296 1055 579 1094 Waltharium
608 1052 770 1105 placido
800 1061 908 1092 tactu
943 1053 1110 1104 vigilare
1135 1058 1343 1096 monebat.

299 1122 381 1172 Qui
409 1134 529 1177 caput
559 1126 747 1165 attollens
778 1134 1004 1174 scrutatur,
1044 1127 1078 1165 si
1108 1127 1199 1179 quis
1224 1127 1387 1168 adiret?

298 1196 471 1235 Eminus
499 1198 570 1235 illa
599 1197 726 1237 refert
756 1196 964 1249 quandam
992 1198 1162 1236 volitare
1195 1198 1452 1250 phalangem.

297 1269 389 1320 Ipse
421 1269 561 1309 oculos
591 1277 720 1308 tersos
752 1270 885 1308 somni
914 1269 1167 1318 glaucomate
1197 1285 1376 1322 purgans

296 1341 498 1379 Paulatim
528 1339 682 1391 rigidos
717 1341 827 1380 ferro
858 1341 1077 1381 vestiverat
1106 1350 1237 1391 artus,

297 1413 434 1463 Atque
470 1425 636 1461 gravem
665 1425 809 1451 rursus
846 1426 1032 1463 parmam
1063 1413 1221 1465 collegit
1261 1421 1298 1453 et
1327 1414 1505 1464 hastam,

296 1483 348 1523 Et
377 1484 525 1522 saliens
557 1496 705 1522 vacuas
737 1484 846 1522 ferro
874 1485 1180 1524 transverberat
1207 1499 1352 1524 auras:

292 1556 345 1594 Et
374 1556 481 1595 celer
512 1553 562 1594 ad
593 1568 774 1607 pugnam
806 1555 894 1593 telis
928 1556 1125 1606 praelusit
1164 1571 1359 1597 amaram.

295 1627 494 1668 Cominus
524 1641 615 1666 ecce
647 1635 906 1666 coruscantes
937 1628 1086 1666 mulier
1115 1627 1225 1668 videt
1257 1629 1411 1677 hastas,

299 1701 358 1739 Ac
387 1700 615 1752 stupefacta
641 1700 761 1738 nimis
792 1700 960 1739 ‘Hunos
986 1701 1070 1739 hic'
1098 1700 1232 1753 inquit
1264 1701 1509 1740 ‘habe111us.‘

297 1773 345 1811 In
376 1780 612 1825 terramque
640 1770 788 1810 cadens
821 1772 970 1810 effatur
999 1773 1094 1811 talia
1124 1773 1272 1812 tristis:

299 1843 526 1894 ‘Obsecro,
558 1845 614 1883 mi
643 1845 798 1893 senior,
833 1843 969 1894 gladio
1000 1858 1089 1883 mea
1117 1845 1221 1883 colla
1251 1851 1451 1894 secentur,

298 1916 375 1967 Ut,
412 1931 516 1970 quae
548 1930 633 1956 non
665 1917 797 1955 merui
828 1925 947 1968 pacto
978 1917 1158 1955 thalamo
1190 1916 1360 1964 sociari,

296 1988 462 2027 Nullius
492 1989 664 2027 ulterius
694 1989 828 2040 patiar
858 1989 1065 2028 consortia
1096 1988 1254 2027 carnis?

299 2061 407 2099 Tum
434 2060 594 2109 juvenis
626 2060 771 2099 ‘cruor
795 2061 998 2099 innocuus
1029 2074 1093 2098 me
1120 2055 1346 2098 tinxerit?’
1375 2057 1511 2109 inquit

298 2132 401 2170 ‘Aut
431 2145 515 2184 quo
544 2132 651 2170 forte
679 2129 804 2170 modo
835 2130 992 2181 gladius
1021 2132 1128 2182 potis
1159 2138 1216 2169 est
1246 2130 1432 2169 inimicos

160 2207 242 2244 550
301 2200 518 2251 Sternere,
548 2209 631 2240 tam
661 2199 766 2240 fidae
795 2200 830 2238 si
859 2214 968 2239 nunc
1001 2214 1086 2239 non
1116 2200 1246 2253 parcit
1278 2195 1460 2239 amicae?

296 2275 416 2314 Absit
447 2273 561 2328 quod
589 2273 764 2325 rogitas,
792 2273 939 2312 mentis
971 2271 1133 2325 depone
1161 2283 1373 2324 pavorem.

230 2399 299 2430 523
325 2397 509 2440 pannonias
530 2398 570 2430 Α.
590 2396 630 2430 C.
657 2398 833 2428 moverent
851 2398 890 2429 A.
906 2405 962 2433 ,am
985 2392 1099 2426 rande.
1149 2393 1218 2424 524
1243 2388 1451 2431 aquilonales
1471 2387 1511 2419 B.

162 2458 231 2488 525
257 2466 438 2489 coruscans
454 2456 493 2489 C.
542 2458 611 2489 527
633 2456 663 2489 ei
686 2454 768 2488 fehlt
784 2455 824 2489 Β.
873 2457 944 2487 529
963 2465 1029 2496 qua
1047 2452 1152 2495 (quo)
1172 2451 1305 2484 turbine
1326 2449 1366 2481 B.
1391 2448 1512 2488 surgit.

162 2519 321 2557 quantam
347 2517 387 2548 Α.
446 2518 513 2548 531
542 2525 605 2548 nee
630 2516 810 2558 quicquam
836 2515 875 2549 C.
935 2517 1004 2548 534
1030 2514 1168 2547 iubebat
1194 2514 1233 2544 Α.
1295 2511 1363 2541 545
1388 2507 1513 2540 secede

163 2577 202 2608 Α.
224 2575 263 2608 C.
284 2574 314 2606 E
341 2573 474 2616 (recide
498 2575 543 2608 ist
566 2576 711 2609 Molters
736 2576 954 2618 besserung).
1046 2577 1117 2607 548
1142 2573 1220 2605 dum
1248 2589 1289 2593 —
1317 2580 1358 2602 an
1384 2576 1512 2602 nocuus

164 2635 229 2667 alle
256 2634 322 2668 hss.
396 2635 463 2666 549
490 2638 525 2666 et
551 2635 592 2668 Β.
