1721 2938
251 140 334 181 258

252 660 333 695 450

250 1024 330 1060 455

249 1387 330 1423 460

245 1748 326 1786 465

244 2251 325 2289 470

757 135 1099 177 HsjssAsts.

852 292 1011 343 vulpes.

390 366 602 417 ‘Stagnum
638 365 859 403 Genesaret
893 378 984 403 cum
1021 364 1142 403 fulica
1175 363 1488 414 transvolitaret‚

390 440 461 477 Me
492 439 578 476 visa
609 438 752 484 rediit,
790 437 838 476 de
871 446 907 476 te
941 450 1039 475 mox
1073 438 1166 475 talia
1198 435 1363 488 pandit:

391 509 525 549 “Cara
551 524 671 549 soror
696 511 851 562 vulpes,
878 523 1078 562 quaenam
1112 524 1217 549 nova
1245 509 1428 548 tristibus
1451 507 1602 548 affers?

394 584 457 620 Au
493 585 557 621 leo
594 584 822 629 convaluit,
855 596 975 635 quem
1013 583 1183 633 punctio
1217 581 1305 620 dira
1333 578 1546 633 gravavit?

397 656 463 696 Fit
492 657 679 708 planctus
711 655 875 705 grandis
904 656 944 693 in
976 656 1164 706 partibus
1193 655 1272 692 isee
1303 655 1485 693 marinis.

390 726 575 777 Currsso,
606 729 776 776 festina,
822 729 917 766 latet
948 728 1025 767 hoc
1058 725 1327 765 medicamine
1358 726 1454 766 viia.

394 799 516 848 Quod
549 801 624 840 tibi
659 815 886 853 compono,
917 813 1118 852 compone
1148 798 1322 838 fideliter
1350 811 1486 850 aegro,

394 874 452 914 Ut
482 876 554 914 fias
584 874 720 925 agilis,
756 888 828 912 nec
861 888 970 912 erres
1007 874 1216 912 montibus
1244 872 1344 923 istis,

393 948 479 985 Hac
511 948 589 985 iter
611 946 660 984 ad
692 947 874 994 laevam,
905 959 978 997 per
1011 944 1122 998 quod
1156 944 1390 984 descendito
1413 945 1601 993 Romam,

391 1018 624 1069 Hui-degalo
659 1027 790 1058 castro
821 1032 944 1058 cursu
975 1017 1118 1057 tendas
1157 1027 1395 1071 properato,

392 1093 608 1131 Psitachus
640 1100 848 1141 occurret,
885 1092 990 1143 regiS
1023 1093 1201 1131 tentoria
1234 1101 1418 1146 quaeret,

392 1166 455 1204 Illi
494 1178 591 1204 mox
629 1164 758 1213 dices,
803 1178 908 1217 quae
938 1172 1036 1204 tunc
1070 1164 1294 1203 certissima
1325 1164 1450 1204 scies:

391 1237 497 1276 Nam
532 1237 618 1287 regi
650 1238 818 1275 domino
850 1238 997 1290 suplex
1029 1238 1215 1277 oramina
1248 1237 1439 1277 mando.''

392 1311 503 1350 Haec
535 1309 673 1348 dicens
713 1308 857 1359 rediit,
901 1311 1012 1361 pacis
1041 1311 1163 1349 simul
1196 1311 1334 1349 oscula
1365 1310 1526 1361 pressit.

391 1382 564 1422 Finibus
595 1382 757 1431 italicis,
790 1382 907 1421 fessis
940 1397 1031 1421 cum
1061 1384 1212 1422 robore
1241 1380 1450 1430 membris,

386 1456 509 1495 More
545 1455 752 1508 peregrini
783 1455 936 1495 mirans
981 1455 1153 1507 ripatica
1183 1454 1297 1503 Padi,

389 1530 501 1568 Dum
536 1542 663 1580 prope
694 1528 867 1580 perveni
895 1529 1100 1579 pontatica
1140 1529 1222 1567 fixa
1253 1528 1401 1577 Ticini,

384 1603 567 1640 Venerat
597 1602 798 1640 immenso
832 1613 1022 1639 moerens
1053 1601 1207 1639 ciconia
1238 1609 1388 1641 rostro.

384 1672 525 1712 Fulica
557 1687 660 1725 quae
693 1672 818 1720 dixit,
850 1671 989 1711 eadem
1027 1671 1285 1723 gemebunda
1314 1673 1514 1723 revolvi13

390 1745 557 1785 Addidit
590 1747 668 1786 hoc
701 1747 860 1794 solum,
890 1753 1075 1785 sanctum
1107 1745 1319 1798 deposcier
1348 1748 1521 1798 Aprum,

386 1819 609 1871 Prosperet
645 1819 806 1871 incepta
826 1848 835 1866 ‚
891 1819 1121 1859 conso'rmet
1161 1828 1221 1858 tot
1253 1819 1352 1858 mihi
1380 1819 1516 1868 jussa!

809 1893 873 1930 leo
905 1891 1035 1943 vulpi.

385 1962 450 2001 De
482 1971 520 2001 te
550 1963 676 2001 mulla
707 1964 871 2012 volant,
913 1977 1017 2016 quae
1048 1964 1171 2002 vitam
1205 1963 1371 2002 crimine
1406 1964 1600 2014 turpant!

840 2037 996 2089 vulpes,

385 2103 585 2145 ‘Circator
616 2108 775 2156 veniat,
807 2107 958 2146 dictum
1001 2108 1132 2146 scelus
1163 2120 1283 2146 omne
1315 2107 1520 2155 revolvat3

385 2175 429 2215 Si
457 2176 625 2228 dignum
659 2180 801 2228 morti,
847 2194 969 2231 cogar
998 2180 1264 2219 succumbere
1302 2179 1393 2228 legi,

383 2248 549 2289 Judicor
579 2251 780 2300 innocua,
811 2252 968 2292 domini
995 2253 1181 2291 laetabor
1212 2252 1252 2288 in
1284 2250 1404 2288 aula!

385 2322 516 2362 Totus
544 2323 740 2361 conticuit
767 2338 890 2374 grex,
919 2332 1040 2375 atque
1068 2324 1197 2363 crucis
1224 2323 1333 2361 siluit
1360 2323 1441 2360 lex.

834 2396 993 2446 vulpes.

382 2466 605 2521 ‘Quicquid
623 2469 699 2507 sub
725 2476 833 2507 terra
859 2476 938 2517 est,
971 2469 1012 2506 in
1046 2468 1228 2520 apricum
1263 2466 1443 2517 proferet
1473 2474 1593 2515 aetas,

379 2539 549 2592 Singula
594 2540 642 2579 de
675 2540 794 2580 uobis
829 2541 924 2580 anni
956 2540 1185 2593 perdentur
1212 2546 1369 2587 euntes,

331 2685 400 2716 468
427 2685 522 2717 zelus
550 2685 587 2717 Α.
