1721 2938
270 411 363 446 136.

267 699 360 735 137.

266 986 359 1020 138.

273 1275 364 1310 139.

270 1559 365 1598 140.

271 1842 365 1879 141.

274 2128 368 2166 142.

272 2412 366 2450 ⁷143.

647 108 950 153 UNIBOS.

425 263 469 302 Si
498 276 762 303 nummorum
790 264 1008 305 latibulum

434 336 596 385 Vultis,
628 337 811 375 conferte
841 338 1033 389 pretium,

422 406 503 446 Sed
535 416 578 446 ut
615 407 702 446 sitis
732 408 927 458 benivoli,
964 409 967 411 ’

426 477 620 517 Conferte
648 479 776 519 libras
818 479 1066 532 quindecim.

424 551 568 590 Plures
600 551 641 590 in
673 551 791 591 brevi
820 559 1004 603 tempore

425 622 573 662 Libras
601 622 746 663 reddet
775 637 852 676 pro
880 626 1087 664 stercore)

418 696 521 734 Tres
553 696 612 734 illi
650 697 776 735 libras
808 696 1044 749 quindecim

425 766 481 805 Ut
511 767 757 818 persolvunt
790 767 976 815 unibovi,
1013 787 1021 794 ·

426 838 585 891 Equam
624 837 781 878 ducunt
821 839 1012 890 ligamine

424 910 714 950 Custodientes
753 910 915 962 cupide.

420 981 610 1021 Festinus
641 983 777 1035 inquit
809 985 1033 1035 presbiter:

426 1054 588 1093 ‘Audite
620 1069 708 1104 me,
739 1055 843 1094 sicut
885 1054 1012 1105 decet,

428 1126 663 1164 Jumentum
695 1126 789 1165 volo
822 1124 973 1164 ducere

426 1196 489 1236 Ad
521 1198 728 1237 stabulum
761 1197 908 1236 domus
939 1211 1067 1237 meae.

426 1268 532 1316 Quia
567 1270 725 1321 primus
770 1270 950 1319 ecclesia,

428 1341 528 1379 Sum
563 1343 720 1392 primus
754 1341 795 1379 in
828 1340 1024 1391 custodia,

428 1414 626 1453 Diluculo
666 1414 902 1463 recolligam

429 1484 564 1532 Quam
595 1483 747 1525 donavi
787 1483 1018 1535 pecuniam.

425 1555 485 1594 Sit
518 1556 651 1607 prima
681 1569 766 1594 nox
802 1554 1035 1606 presbiteri,

430 1627 620 1666 Secunda
651 1627 701 1665 sit
734 1625 972 1676 praepositi,

426 1697 598 1746 Majoris
632 1709 718 1734 nox
748 1696 797 1734 sit
826 1695 946 1733 tertia

410 1769 515 1808 'Sub
559 1768 772 1819 aequitatis
805 1767 985 1805 trutina.'

426 1838 559 1886 ‘Fiam
586 1837 688 1875 dixit
718 1837 995 1889 praepositus,

433 1910 534 1958 ‘Sim
565 1908 660 1947 dicit
690 1912 821 1958 maj0r
854 1908 1008 1955 tertius,

430 1980 555 2019 ‘Haec
588 1989 646 2018 est
677 1986 818 2017 nostra
849 1977 1082 2028 concordia,

434 2052 520 2090 Sub
552 2052 638 2089 miti
686 2049 908 2101 patIentia.’

426 2126 586 2178 Equam
632 2132 828 2176 procurat
860 2123 1064 2176 presbiter

434 2198 549 2235 Dans
580 2195 782 2235 hordeum
813 2195 1009 2243 celeriter,

435 2270 516 2307 Per
548 2277 770 2307 nocturnas
808 2267 966 2316 vigilias

432 2341 574 2393 Equae
605 2339 776 2390 praebet
810 2338 1028 2376 auriculas.

423 2412 548 2451 Facto
582 2419 716 2449 tamen
752 2409 934 2448 diluculo

428 2480 626 2519 Sacerdos
659 2495 681 2517 a
710 2480 926 2530 praesepio

439 2552 711 2591 Communem
746 2551 868 2588 trahit
896 2548 1081 2598 bestiam,

431 2623 487 2662 Ut
521 2622 699 2674 deponat
731 2621 962 2672 pecuniam.

1121 2691 1204 2727 24*

1391 117 1473 161 371
