1721 2938
259 111 341 154 176
565 110 608 152 R
626 110 662 153 U
679 110 719 152 0
737 109 776 152 D
793 109 862 151 LI
878 108 956 151 ΕΒ
1016 109 1167 165 fragm.
1188 110 1302 155 VIII.

368 268 538 304 Surrexit
554 264 699 316 juvenis
706 291 717 312 ,
747 278 818 315 quo
847 271 978 302 contra
1007 267 1123 313 surgit
1151 265 1286 304 herilis.

370 337 434 375 Ille
463 336 554 373 velut
573 333 708 385 satcho
732 348 771 373 se
795 337 898 384 girat
931 343 964 374 et
992 336 1086 374 haec
1117 344 1156 375 ut
1183 336 1362 382 hirundo,-

254 412 307 447 50
365 407 433 446 Ast
458 406 523 444 ubi
549 409 778 455 conveniunt,
814 410 919 446 citius
945 422 984 447 se
1008 410 1297 461 praeteriebant.

366 475 427 530 I]s
454 491 493 516 se
522 480 691 527 movisse,
723 478 790 517 sed
815 482 975 518 cernitur
1001 480 1064 518 illa
1092 488 1254 520 natasse.

362 551 568 600 Neutrum,
595 552 774 601 saltasse,
802 566 956 590 neumas
986 553 1155 591 manibus
1184 557 1361 603 variasse,

362 624 483 665 Nemo
509 627 694 674 corrigere
724 639 795 677 quo
816 633 962 677 posset,
999 629 1033 662 si
1058 626 1234 665 voluisset.

376 697 477 736 Tunc
523 701 648 747 ignum
677 698 880 747 dederant,
910 698 961 736 ibi
984 698 1090 736 multi
1115 698 1215 751 quod
1246 698 1451 746 doluerunt,

249 772 303 808 55
361 770 586 822 Deponendo
617 785 750 809 manus
765 769 901 822 finitus
930 774 976 809 sit
1004 773 1094 823 quia
1121 771 1288 809 rithmus.

362 843 518 881 Insimul
541 850 574 881 et
602 843 760 882 resident
789 850 822 881 et
850 846 886 881 in
915 843 1134 881 alterutrum
1161 846 1265 882 nimis
1294 842 1428 882 ardent

359 915 457 964 Lege
485 916 653 954 maritali
684 918 866 967 cupientes
894 918 1110 963 consociari,

363 987 465 1025 Illius
491 988 532 1026 id
560 994 681 1026 matre
695 987 794 1040 fieri
823 990 972 1025 nimium
1000 989 1176 1038 cupiente,

359 1061 482 1113 Atque
500 1058 740 1111 facultante‚
770 1060 870 1113 quod
897 1060 1020 1098 vellent
1045 1060 1305 1096 sermocinare.
1327 1093 1334 1097 ,

247 1138 300 1172 60
357 1135 472 1174 Hune
493 1133 689 1171 dominella
717 1140 839 1181 rogat,
866 1146 938 1184 quo
960 1145 1084 1170 secum
1103 1138 1236 1170 tessere
1250 1130 1369 1179 ludat,
1500 1128 1597 1168 XLI

361 1208 528 1249 Annulus
556 1214 595 1246 ut
625 1209 707 1245 victi
741 1206 897 1244 donetur
922 1213 979 1244 ter
1005 1207 1207 1256 superanti.
1483 1190 1488 1194 .

370 1281 470 1319 Tunc
494 1283 536 1327 is,
561 1279 641 1331 ‘qui
658 1279 800 1326 ludum,
821 1292 928 1330 quem
951 1277 1126 1315 ludamus
1154 1276 1454 1327 modo-primum,

361 1352 571 1404 Aequirat,'
599 1350 706 1398 dixit,
735 1350 909 1399 ‘digitalis
939 1357 1091 1403 uterque
1118 1362 1207 1387 suus
1234 1350 1305 1386 sit!

364 1424 475 1462 Haec
504 1436 551 1460 ea
579 1422 758 1469 laudavit,
781 1421 909 1459 ludens
940 1428 973 1459 et
997 1434 1079 1458 eum
1097 1422 1295 1472 superavit,

245 1497 297 1533 65
357 1495 486 1533 Gratis
510 1493 686 1545 perdente
704 1492 860 1544 juvene,
889 1496 1010 1541 gratis
1037 1492 1108 1530 sibi
1139 1492 1265 1530 dante.

369 1567 478 1619 Quae
500 1568 649 1604 nimium
671 1567 772 1605 laeta
797 1579 836 1604 se
859 1568 910 1603 sie
935 1564 1106 1602 habuisse
1130 1564 1326 1615 trophaea,
1475 1562 1591 1601 XLII

368 1639 547 1679 Ludendo
572 1641 762 1690 proprium
791 1640 861 1676 cito
886 1637 1070 1689 perdebat
1092 1636 1294 1684 digitalem,

364 1713 481 1765 Quem
510 1711 625 1750 trahit
652 1724 679 1750 a
708 1711 834 1759 digito,
853 1708 1025 1762 jaciebat
1047 1712 1150 1762 eique
1175 1709 1348 1757 rotando,

357 1787 402 1824 In
432 1784 536 1837 cujus
565 1784 684 1822 medio
713 1783 832 1821 nodus
848 1780 983 1832 suerat
1013 1796 1125 1820 cavus
1149 1780 1261 1828 intro,

245 1865 296 1897 80
359 1859 469 1898 Hunc
499 1859 570 1896 nisi
593 1858 764 1904 laxaret,
794 1855 906 1903 digito
935 1869 1006 1893 non
1033 1856 1258 1906 inposuisset.

878 2061 953 2104 IX.

91 2169 150 2205 sol.
164 2172 241 2204 262.
261 2165 277 2201 l
348 2139 645 2208 ‘N11110‚Iiera,
666 2159 772 2198 circa
785 2165 969 2205 matrem,
989 2169 1112 2209 quam
1125 2154 1313 2207 proxime
1325 2153 1476 2195 videris
1485 2150 1664 2206 [ipsam],

357 2233 436 2272 Dic
463 2232 576 2280 mihi,
606 2232 639 2270 si
669 2231 813 2280 valeat,
844 2231 877 2269 si
905 2228 1128 2281 tranquille
1154 2241 1226 2266 sua
1254 2240 1320 2266 res
1349 2234 1439 2274 stet,

361 2300 622 2354 Quandoque
654 2309 875 2339 commater
904 2300 1018 2338 fieret
1056 2305 1150 2346 tua,
1178 2297 1212 2335 si
1243 2297 1344 2336 mihi
1373 2297 1500 2336 frater

358 2377 422 2415 Ex
449 2376 519 2414 illa
548 2374 625 2423 sit,
654 2387 776 2426 quem
807 2370 856 2410 de
891 2371 1003 2410 fonte
1033 2368 1256 2417 levaveris,
1285 2369 1437 2422 inque3

243 2453 265 2488 5
356 2450 474 2489 Anne
502 2456 615 2487 tuam
637 2454 773 2485 natam
800 2444 850 2483 de
882 2444 995 2483 fonte
1021 2440 1218 2481 levaverit
1244 2439 1393 2491 ill[am]
1405 2438 1437 2480 {¹²

359 2519 651 2572 obstupefacta
682 2518 804 2557 nimis
835 2514 951 2555 dictis
986 2514 1086 2552 hera
1115 2511 1254 2551 militis
1283 2510 1434 2562 ist[is]:
1479 2517 1494 2519 ’

353 2587 452 2642 Άῐι,
484 2589 582 2644 quid
613 2587 763 2638 dixisti,
793 2584 907 2641 quod
936 2598 1025 2624 eam
1054 2583 1241 2636 nupsisse
1269 2582 1433 2635 putasti,

353 2663 431 2702 Cui
464 2665 595 2703 luerat
625 2661 711 2702 sine
742 2669 779 2701 te
814 2673 898 2700 nou
929 2658 1065 2710 ipsum
1095 2655 1231 2698 vivere
1262 2652 1404 2703 dulce3
