1721 2938
239 143 352 172 XXXI!

328 307 350 341 6

413 281 577 340 Gallus
608 296 864 344 infirmatur,
914 295 965 333 ab
998 293 1066 333 uia
1106 293 1348 345 retardatur,

409 370 487 411 Cui
517 366 684 407 mandat
723 372 855 405 motus
886 364 998 418 quod
1033 373 1157 405 restet
1190 364 1484 415 Columbanus,

407 443 556 483 Missas
587 452 813 492 numquam
845 438 1022 477 celebret
1052 451 1095 477 se
1126 438 1267 477 uiuum
1301 437 1439 491 quoad
1467 438 1602 478 sciret.

408 512 572 566 Repetit
594 509 830 550 febricitans
860 509 1086 558 Arbonam,
1116 508 1324 548 Christum
1366 510 1601 562 supplicans

409 586 539 637 Egros
572 584 844 631 alleuantem,
874 581 995 620 saciat
1026 594 1067 620 se
1098 583 1318 620 ualentem.

407 642 634 698 Presbiter
666 655 831 694 Christo
863 669 980 695 carus
1010 655 1077 695 dat
1114 657 1262 695 lectum
1291 655 1577 706 Unillimarus,

411 734 716 774 Conualescens
751 731 894 771 Gallus
926 732 1124 772 siluarum
1154 732 1197 771 fit
1229 746 1328 771 mox
1359 732 1519 773 auidus.

414 806 517 844 Dux
547 805 590 845 fit
624 802 889 853 Hiltibaldus‚
923 803 1100 843 occurrit
1134 803 1248 843 locus
1295 802 1549 852 commodus,

358 882 367 892 “
413 876 601 915 Clamant
629 875 777 914 damna
791 874 1000 927 demones,
1030 881 1235 912 retentant
1258 873 1422 913 Gallum
1443 887 1606 926 uepres,

311 1760 361 1794 10

309 2126 358 2162 11

413 949 627 988 Diaconus
659 949 852 996 accurrit,
890 947 1054 997 lapsans
1084 945 1198 984 illum
1231 946 1401 985 distulit.

419 1004 584 1061 Gallus
616 1021 721 1061 forte
752 1021 955 1073 psalmum
988 1020 1028 1058 in
1058 1034 1129 1059 ore
1163 1027 1273 1059 tenet
1304 1021 1480 1059 almum:

414 1098 596 1151 Requies
625 1097 699 1149 hec
731 1104 790 1137 est
820 1110 910 1135 mea
940 1110 1015 1148 per
1048 1097 1277 1148 seculorum
1309 1097 1456 1149 secula,

415 1170 588 1221 Semper
617 1169 683 1208 hic
714 1168 925 1220 habitabo,
958 1167 1079 1207 deum
1113 1182 1250 1209 meum
1279 1168 1499 1208 inuocabo.

414 1242 605 1281 Hiltibalt
638 1255 806 1292 percare
845 1240 925 1280 iam
957 1238 1042 1279 noli
1072 1254 1136 1278 me
1171 1248 1323 1289 uetare,

411 1314 535 1353 Libet
566 1311 622 1351 sic
655 1313 814 1361 iacere,
847 1312 933 1351 noli
963 1313 1179 1350 sustinere.

419 1371 562 1429 Instat
592 1386 759 1427 tandem
789 1385 930 1427 triduo
962 1386 1027 1426 uir
1058 1384 1216 1425 domini
1246 1384 1416 1435 ieiunio,

415 1460 710 1502 Consecrando
741 1463 875 1501 locum
905 1461 1047 1500 litabat
1092 1468 1188 1500 uota
1218 1474 1401 1512 precum,

415 1535 482 1574 Fit
513 1535 714 1574 ambobus
744 1532 890 1584 ardor,
923 1533 1158 1586 procumbit
1189 1532 1323 1572 onmis
1357 1533 1495 1581 arbor,

414 1608 573 1659 Regnat
605 1606 666 1645 uis
697 1606 954 1645 flammarum
991 1605 1197 1646 condensa
1228 1619 1303 1658 per
1341 1605 1554 1655 siluarum,

420 1680 552 1721 Infert
584 1692 702 1718 ursus
734 1687 901 1718 truncos
931 1677 1015 1730 igni
1044 1677 1196 1730 passim
1230 1676 1437 1719 aduectos.

421 1737 595 1794 Panem
627 1754 771 1794 Gallus
803 1754 930 1807 bestie
962 1752 1148 1806 mirande¹
1179 1751 1248 1792 dat
1286 1753 1496 1809 modestie,

417 1832 522 1871 Mox
553 1840 596 1871 ut
624 1832 736 1871 hunc
771 1832 957 1882 uoranst,
995 1832 1038 1870 in
1067 1833 1204 1882 fugam
1238 1833 1446 1873 festinauit

414 1904 529 1943 Iussa
560 1904 674 1943 siluis
707 1903 849 1943 cedere
869 1934 879 1953 ‚
923 1904 988 1944 hic
1018 1905 1177 1944 nullum
1208 1914 1302 1957 post
1343 1908 1419 1946 hac
1463 1906 1612 1961 ledere.

416 1977 580 2016 Diacon
610 1977 768 2017 iacebat
798 1990 999 2028 soporans
1031 1985 1069 2016 et
1100 1977 1282 2028 uidebat,

420 2048 513 2097 Qua
544 2049 695 2088 uirtute
730 2048 872 2088 Gallus
903 2048 1031 2100 pollet
1069 2048 1137 2100 dei
1169 2049 1360 2089 famulus.

421 2104 550 2161 Hinc
583 2122 632 2162 de
662 2124 754 2162 loco
787 2121 982 2175 demones
1013 2123 1147 2174 abegit
1178 2131 1218 2162 et
1253 2132 1477 2176 serpentes,

417 2197 548 2236 Ducis
578 2206 693 2236 sanat
721 2197 872 2246 filiam,
902 2212 1027 2250 quam
1058 2206 1174 2236 satan
1202 2206 1325 2237 uexat
1355 2198 1555 2249 rabidam,

419 2269 515 2308 Exit
545 2284 616 2309 ore
649 2279 794 2310 toruus
825 2270 963 2309 colore
993 2277 1203 2322 tamquam
1231 2284 1395 2321 coruus,

420 2340 553 2382 Offert
585 2340 704 2380 Gallo
737 2340 846 2380 dona
876 2353 953 2393 pro
984 2349 1121 2380 mente
1153 2341 1269 2393 uirgo
1297 2355 1409 2393 sana,

420 2410 511 2460 Que
542 2412 734 2465 dispersit
763 2415 938 2462 sanctus,
971 2411 1082 2451 dedit
1112 2421 1149 2452 et
1181 2415 1449 2465 pauperibus.

351 2552 383 2590 7,
409 2551 432 2581 2
457 2549 511 2582 mr
536 2550 698 2584 siluarum
723 2560 776 2582 am
803 2549 886 2582 rand
911 2548 967 2582 die
993 2552 1168 2583 correctur
1202 2550 1339 2585 deserti,

346 2610 381 2649 8,
405 2610 426 2640 5
454 2608 537 2642 iiber
560 2609 744 2642 sustinere:
770 2608 825 2641 uel
850 2607 1039 2641 subleuare.

349 2666 404 2706 10,
430 2668 451 2698 3
479 2676 515 2698 es
547 2665 637 2700 steht
660 2664 792 2707 cedere.
