1721 2938
427 107 468 150 R
483 107 518 151 u
538 109 577 152 ο
595 108 634 151 D
651 108 687 152 h
703 108 723 168 ι
738 108 776 152 E
795 109 831 152 B
891 108 1044 165 fragm.
1076 109 1191 153 xv1.
1403 113 1482 155 193

138 406 327 444 35..

137 765 189 804 40

457 288 468 299 .
528 275 576 301 us
608 261 767 302 dubitat
801 263 902 316 quin
934 263 967 302 is
996 262 1048 302 sit
1077 261 1151 316 qui
1178 263 1397 306 simulabat

393 362 403 372 .
463 362 473 373 .
530 349 571 373 m
603 335 723 374 nimis
783 363 794 375 .
851 363 862 374 .
923 363 933 373 .
991 363 1002 373 .
1059 342 1247 386 agentem

602 436 612 445 .
670 421 691 445 e
726 406 866 457 plebes
907 418 1050 445 omnes
1088 406 1273 446 habuere

604 504 614 514 .
671 478 727 516 nii
757 478 890 530 coepit
927 477 1087 518 firmata
1124 480 1278 519 reverti

248 576 600 589 ......
659 558 722 589 eat
756 549 789 590 si
818 550 962 601 sciret,
1002 565 1180 604 eumque
1211 554 1387 606 requirit

246 647 258 659 .
316 647 326 658 .
386 649 396 660 .
456 633 484 659 .’
525 648 535 659 .
596 651 607 661 .
667 622 882 675 erintquae
912 621 969 661 sic
1003 623 1159 673 signata
1188 624 1357 666 fuerunt

247 721 601 734 ......
626 727 629 729 ,
662 721 673 734 .
730 696 772 734 in
803 693 944 747 pixide
976 708 1067 734 cum
1101 696 1317 760 posuissetx

249 765 429 816 [Juravit
460 781 533 820 per
562 781 656 807 eum
686 767 843 818 rerum]
877 781 1000 821 quem
1034 768 1093 808 nil
1123 769 1248 818 latet,
1279 770 1379 811 haut
1412 783 1454 810 se

253 866 610 880 ......
672 869 683 881 .
742 841 774 879 it
799 840 954 879 mirans
984 855 1058 880 cur
1086 840 1129 880 id
1158 842 1344 893 rogitarit

252 939 681 953 .......
739 914 791 952 sit
821 913 934 967 quod
965 921 1052 952 erat
1083 912 1161 952 sibi
1192 913 1361 953 missum

250 984 385 1035 [Tunc
415 984 473 1031 ait
500 984 596 1024 illa:
639 980 744 1041 ί[ιι]ο
773 984 837 1026 dic
866 985 1088 1027 contribuli
1119 986 1183 1026 vel
1212 986 1366 1028 amico:

249 1056 450 1111 [Usquam
481 1057 516 1098 si
545 1058 698 1110 nullus]
733 1058 795 1099 vir
823 1059 916 1111 plus
948 1059 1054 1100 soret
1082 1058 1116 1098 is
1146 1059 1226 1099 nisi
1253 1062 1378 1110 solus,

136 1130 189 1170 45
251 1130 339 1182 [Ille
368 1132 434 1172 vel
463 1131 507 1170 in
539 1129 693 1183 dotem]
734 1131 837 1170 mihi
867 1131 1067 1171 mundum
1100 1130 1134 1170 si
1163 1129 1280 1170 daret
1306 1146 1484 1182 omnem,

318 1232 330 1244 .
389 1203 572 1255 [Nubere
602 1205 701 1244 nolo
733 1204 826 1255 sibi]
861 1203 924 1244 dic
956 1213 998 1244 tu
1031 1203 1231 1243 veraciter
1260 1204 1345 1243 illi)

249 1305 610 1317 ......
670 1278 743 1329 qui
774 1277 903 1316 sactus
935 1275 1058 1315 tristis
1092 1277 1143 1316 ab
1174 1277 1249 1314 hac
1279 1290 1324 1315 re

249 1349 274 1388 ‘.
456 1376 812 1388 ......
869 1362 931 1386 am
965 1346 1113 1388 deveni
1142 1347 1421 1400 suspicionem

463 1450 472 1461 .
532 1419 626 1459 dem
656 1418 798 1460 videns
830 1420 906 1459 tibi
935 1421 1095 1461 solve1e
1127 1420 1340 1462 fraudem)

138 1500 191 1534 50
457 1521 467 1532 .
525 1493 649 1531 nunc'
679 1492 756 1532 ait:
801 1493 972 1546 ‘absque
1002 1493 1120 1534 ‘vale’
1147 1493 1273 1534 modo
1304 1494 1435 1536 vade?

250 1566 445 1618 [Nuntius
477 1564 674 1616 absced]it
704 1564 756 1604 ad
787 1564 962 1605 Rbdlieb
995 1576 1335 1620 reproperatque.

249 1639 330 1690 [Is,
360 1638 530 1679 simulac
558 1637 699 1689 vid]it‚
727 1638 946 1678 subridens
977 1638 1079 1677 dixit
1111 1638 1161 1678 ad
1194 1641 1333 1681 illum·

249 1714 260 1733 ‘
264 1739 609 1752 ......
665 1724 683 1749 s
718 1711 802 1749 scio
845 1719 1040 1750 tractatus
1076 1720 1282 1751 saturatus

251 1810 610 1824 ......
668 1796 692 1821 a
723 1782 804 1822 sint
833 1781 1176 1834 demandamina,
1214 1799 1339 1825 narra

139 1861 190 1896 55
251 1884 262 1896 .
461 1884 471 1894 .
530 1848 615 1894 non
648 1853 827 1904 haesita,
857 1862 955 1895 sunt
984 1868 1074 1894 mea
1105 1852 1267 1896 dona?'

250 1956 605 1969 ......
663 1940 751 1968 sese
780 1926 1004 1981 quatiendo
1040 1913 1266 1969 cachinnat'

250 2027 606 2040 ......
667 1998 781 2053 quod
823 2000 999 2039 amicum
1038 1999 1231 2052 perderet
1260 2001 1341 2054 ipsi

254 2100 611 2114 ......
671 2080 771 2112 tunc
800 2084 843 2111 se
874 2073 1028 2112 faceret
1057 2073 1136 2112 sibi
1168 2073 1337 2114 missum

603 2172 611 2182 .
671 2142 848 2184 Rbdlieb
895 2144 975 2184 sibi
1003 2145 1111 2185 serio
1153 2144 1259 2186 dixit

140 2222 192 2258 60
252 2247 264 2267 ‚
323 2244 614 2256 .....
670 2215 704 2255 is
738 2230 786 2256 ea
831 2215 1000 2257 dixisset
1029 2216 1129 2270 quid
1161 2217 1303 2257 herilis

458 2317 469 2328 .
527 2302 665 2328 meum
694 2302 890 2340 magnum
925 2289 1108 2328 narraris
1138 2303 1338 2331 amorem.

251 2361 374 2410 Quod
405 2360 661 2401 demandasti
689 2361 789 2410 sibi,
828 2375 921 2400 cum
950 2363 1186 2415 plenissime
1221 2362 1322 2413 dixi,

253 2432 435 2474 Omnino
465 2434 600 2484 siluit,
639 2434 742 2474 mihi
774 2434 947 2486 prandia
977 2449 1136 2475 summa
1167 2438 1339 2489 paravit,

200 2491 204 2498 Ι
254 2535 617 2547 ......
674 2520 801 2559 seque
861 2537 1150 2548 .....
1213 2538 1221 2547 .
1242 2540 1251 2557 ,

142 2582 193 2619 65
250 2576 517 2631 Respondere
551 2577 626 2616 tibi
658 2577 757 2631 quid
787 2579 886 2619 velit
916 2593 1092 2632 cumque
1121 2580 1284 2630 rogavi,

255 2650 397 2690 Dixit:
447 2649 537 2689 “dic
568 2650 626 2689 illi
658 2648 707 2689 de
742 2664 806 2690 me
837 2650 886 2691 de
918 2652 1041 2693 corde
1074 2648 1184 2690 fideli

1078 2732 1126 2766 13

1489 2376 1547 2409 ίοΙ.
1565 2379 1642 2410 33³.
