<?xml version="1.0" encoding="UTF-8"?>
<!DOCTYPE html PUBLIC "-//W3C//DTD XHTML 1.0 Transitional//EN"
    "http://www.w3.org/TR/xhtml1/DTD/xhtml1-transitional.dtd">
<html xmlns="http://www.w3.org/1999/xhtml" xml:lang="en" lang="en">
 <head>
  <title>
</title>
<meta http-equiv="Content-Type" content="text/html;charset=utf-8" />
  <meta name='ocr-system' content='tesseract 3.04.00' />
  <meta name='ocr-capabilities' content='ocr_page ocr_carea ocr_par ocr_line ocrx_word'/>
</head>
<body>
  <div class='ocr_page' id='page_1' title='image "./lateinischegedic00grimuoft_0327.png"; bbox 0 0 1721 2938; ppageno 0'>
   <div class='ocr_carea' id='block_1_1' title="bbox 150 417 230 452">
    <p class='ocr_par' dir='ltr' id='par_1_1' title="bbox 150 417 230 452">
     <span class='ocr_line' id='line_1_1' title="bbox 150 417 230 452; baseline -0.013 0"><span class='ocrx_word' id='word_1_1' title='bbox 150 417 230 452; x_wconf 91' lang='grc'>760</span> 
     </span>
    </p>
   </div>
   <div class='ocr_carea' id='block_1_2' title="bbox 148 918 226 953">
    <p class='ocr_par' dir='ltr' id='par_1_2' title="bbox 148 918 226 953">
     <span class='ocr_line' id='line_1_2' title="bbox 148 918 226 953; baseline 0 0"><span class='ocrx_word' id='word_1_2' title='bbox 148 918 226 953; x_wconf 89' lang='grc'>765</span> 
     </span>
    </p>
   </div>
   <div class='ocr_carea' id='block_1_3' title="bbox 149 1493 228 1527">
    <p class='ocr_par' dir='ltr' id='par_1_3' title="bbox 149 1493 228 1527">
     <span class='ocr_line' id='line_1_3' title="bbox 149 1493 228 1527; baseline 0 -1"><span class='ocrx_word' id='word_1_3' title='bbox 149 1493 228 1527; x_wconf 91' lang='grc'>770</span> 
     </span>
    </p>
   </div>
   <div class='ocr_carea' id='block_1_4' title="bbox 148 1857 228 1891">
    <p class='ocr_par' dir='ltr' id='par_1_4' title="bbox 148 1857 228 1891">
     <span class='ocr_line' id='line_1_4' title="bbox 148 1857 228 1891; baseline 0 0"><span class='ocrx_word' id='word_1_4' title='bbox 148 1857 228 1891; x_wconf 84' lang='grc'>775</span> 
     </span>
    </p>
   </div>
   <div class='ocr_carea' id='block_1_5' title="bbox 146 2217 226 2251">
    <p class='ocr_par' dir='ltr' id='par_1_5' title="bbox 146 2217 226 2251">
     <span class='ocr_line' id='line_1_5' title="bbox 146 2217 226 2251; baseline 0 0"><span class='ocrx_word' id='word_1_5' title='bbox 146 2217 226 2251; x_wconf 89' lang='grc'>780</span> 
     </span>
    </p>
   </div>
   <div class='ocr_carea' id='block_1_6' title="bbox 652 113 1498 159">
    <p class='ocr_par' dir='ltr' id='par_1_6' title="bbox 652 113 1498 159">
     <span class='ocr_line' id='line_1_6' title="bbox 652 113 1498 159; baseline 0.001 -1"><span class='ocrx_word' id='word_1_6' title='bbox 652 113 988 158; x_wconf 78' lang='lat' dir='ltr'><strong>ECBASIS.</strong></span> <span class='ocrx_word' id='word_1_7' title='bbox 1415 118 1498 159; x_wconf 77' lang='lat'>269</span> 
     </span>
    </p>
   </div>
   <div class='ocr_carea' id='block_1_7' title="bbox 283 195 1463 204">
    <p class='ocr_par' dir='ltr' id='par_1_7' title="bbox 283 195 1463 204">
     <span class='ocr_line' id='line_1_7' title="bbox 283 195 1463 204; baseline 0.002 -3"><span class='ocrx_word' id='word_1_8' title='bbox 283 200 346 203; x_wconf 16' lang='lat'>&amp;57⁷</span> <span class='ocrx_word' id='word_1_9' title='bbox 354 201 359 202; x_wconf 30' lang='lat'><em>⁷</em></span> <span class='ocrx_word' id='word_1_10' title='bbox 370 200 484 203; x_wconf 29' lang='lat'>,⁴„‚.„-</span> <span class='ocrx_word' id='word_1_11' title='bbox 493 200 510 202; x_wconf 27' lang='grc' dir='ltr'>ἶ,</span> <span class='ocrx_word' id='word_1_12' title='bbox 521 195 1463 204; x_wconf 21' lang='grc' dir='ltr'>*ἐὴ-Μ-</span> 
     </span>
    </p>
   </div>
   <div class='ocr_carea' id='block_1_8' title="bbox 282 268 1499 2556">
    <p class='ocr_par' dir='ltr' id='par_1_8' title="bbox 282 268 1499 2556">
     <span class='ocr_line' id='line_1_8' title="bbox 633 268 1012 322; baseline 0 -14"><span class='ocrx_word' id='word_1_13' title='bbox 633 268 855 322; x_wconf 84' lang='lat' dir='ltr'><strong>leopardus</strong></span> <span class='ocrx_word' id='word_1_14' title='bbox 886 268 1012 309; x_wconf 89' lang='lat' dir='ltr'>leoni.</span> 
     </span>
     <span class='ocr_line' id='line_1_9' title="bbox 289 340 1466 394; baseline 0.003 -15"><span class='ocrx_word' id='word_1_15' title='bbox 289 340 435 390; x_wconf 84' lang='lat' dir='ltr'>‘Quem</span> <span class='ocrx_word' id='word_1_16' title='bbox 466 340 548 380; x_wconf 86' lang='lat' dir='ltr'>scio</span> <span class='ocrx_word' id='word_1_17' title='bbox 579 342 818 394; x_wconf 80' lang='lat' dir='ltr'>pervigilem</span> <span class='ocrx_word' id='word_1_18' title='bbox 852 340 1013 391; x_wconf 80' lang='lat' dir='ltr'>[talem]</span> <span class='ocrx_word' id='word_1_19' title='bbox 1048 341 1233 392; x_wconf 79' lang='lat' dir='ltr'>perferre</span> <span class='ocrx_word' id='word_1_20' title='bbox 1250 341 1466 383; x_wconf 76' lang='lat' dir='ltr'>laborem?</span> 
     </span>
     <span class='ocr_line' id='line_1_10' title="bbox 289 411 1356 466; baseline 0.004 -15"><span class='ocrx_word' id='word_1_21' title='bbox 289 411 397 462; x_wconf 84' lang='lat' dir='ltr'><strong>Quid</strong></span> <span class='ocrx_word' id='word_1_22' title='bbox 428 412 557 464; x_wconf 84' lang='lat' dir='ltr'><strong>prosit</strong></span> <span class='ocrx_word' id='word_1_23' title='bbox 588 413 769 465; x_wconf 84' lang='lat' dir='ltr'>quaerit,</span> <span class='ocrx_word' id='word_1_24' title='bbox 801 411 898 464; x_wconf 83' lang='lat' dir='ltr'>quid</span> <span class='ocrx_word' id='word_1_25' title='bbox 931 411 1167 452; x_wconf 88' lang='lat' dir='ltr'>delectabile</span> <span class='ocrx_word' id='word_1_26' title='bbox 1199 416 1356 466; x_wconf 89' lang='lat' dir='ltr'>poscit.‘</span> 
     </span>
     <span class='ocr_line' id='line_1_11' title="bbox 467 476 867 522; baseline 0.005 -3"><span class='ocrx_word' id='word_1_27' title='bbox 467 476 470 478; x_wconf 54' lang='grc'><strong>’</strong></span> <span class='ocrx_word' id='word_1_28' title='bbox 787 482 867 522; x_wconf 91' lang='lat' dir='ltr'>leo.</span> 
     </span>
     <span class='ocr_line' id='line_1_12' title="bbox 292 553 1424 606; baseline 0.004 -10"><span class='ocrx_word' id='word_1_29' title='bbox 292 556 400 596; x_wconf 89' lang='lat' dir='ltr'>‘Non</span> <span class='ocrx_word' id='word_1_30' title='bbox 439 555 614 594; x_wconf 87' lang='lat' dir='ltr'>missura</span> <span class='ocrx_word' id='word_1_31' title='bbox 643 561 776 593; x_wconf 86' lang='lat' dir='ltr'>cutem</span> <span class='ocrx_word' id='word_1_32' title='bbox 807 553 885 593; x_wconf 88' lang='lat' dir='ltr'>nisi</span> <span class='ocrx_word' id='word_1_33' title='bbox 917 554 1039 606; x_wconf 81' lang='lat' dir='ltr'>plena</span> <span class='ocrx_word' id='word_1_34' title='bbox 1070 557 1227 596; x_wconf 84' lang='lat' dir='ltr'>cruoris</span> <span class='ocrx_word' id='word_1_35' title='bbox 1260 559 1424 601; x_wconf 84' lang='lat' dir='ltr'>hirudo.</span> 
     </span>
     <span class='ocr_line' id='line_1_13' title="bbox 287 621 1453 680; baseline 0.005 -15"><span class='ocrx_word' id='word_1_36' title='bbox 287 627 412 665; x_wconf 80' lang='lat' dir='ltr'>Juxta</span> <span class='ocrx_word' id='word_1_37' title='bbox 441 626 546 666; x_wconf 86' lang='lat' dir='ltr'>velle</span> <span class='ocrx_word' id='word_1_38' title='bbox 576 633 717 673; x_wconf 87' lang='lat' dir='ltr'>tuum,</span> <span class='ocrx_word' id='word_1_39' title='bbox 757 625 862 664; x_wconf 88' lang='lat' dir='ltr'>velle</span> <span class='ocrx_word' id='word_1_40' title='bbox 893 632 973 673; x_wconf 89' lang='lat' dir='ltr'>est,</span> <span class='ocrx_word' id='word_1_41' title='bbox 1005 627 1202 665; x_wconf 82' lang='lat' dir='ltr'>extollere</span> <span class='ocrx_word' id='word_1_42' title='bbox 1235 621 1453 680; x_wconf 61' lang='lat' dir='ltr'>pardum.&gt;</span> 
     </span>
     <span class='ocr_line' id='line_1_14' title="bbox 284 695 1385 750; baseline 0.004 -12"><span class='ocrx_word' id='word_1_43' title='bbox 284 699 407 739; x_wconf 79' lang='lat' dir='ltr'>Escas</span> <span class='ocrx_word' id='word_1_44' title='bbox 440 713 523 739; x_wconf 86' lang='lat' dir='ltr'>non</span> <span class='ocrx_word' id='word_1_45' title='bbox 557 696 739 750; x_wconf 82' lang='lat' dir='ltr'>capiam,</span> <span class='ocrx_word' id='word_1_46' title='bbox 770 695 899 736; x_wconf 83' lang='lat' dir='ltr'>donec</span> <span class='ocrx_word' id='word_1_47' title='bbox 932 698 1038 748; x_wconf 84' lang='lat' dir='ltr'>capit</span> <span class='ocrx_word' id='word_1_48' title='bbox 1071 698 1138 738; x_wconf 91' lang='lat' dir='ltr'>ille</span> <span class='ocrx_word' id='word_1_49' title='bbox 1163 705 1385 742; x_wconf 59' lang='lat' dir='ltr'>eoronam?</span> 
     </span>
     <span class='ocr_line' id='line_1_15' title="bbox 655 768 976 822; baseline 0 -14"><span class='ocrx_word' id='word_1_50' title='bbox 655 769 800 821; x_wconf 85' lang='lat' dir='ltr'>vulpes</span> <span class='ocrx_word' id='word_1_51' title='bbox 830 768 976 822; x_wconf 83' lang='lat' dir='ltr'>pardo.</span> 
     </span>
     <span class='ocr_line' id='line_1_16' title="bbox 284 841 1327 894; baseline 0.002 -13"><span class='ocrx_word' id='word_1_52' title='bbox 284 841 360 881; x_wconf 80' lang='lat' dir='ltr'>‘Ne</span> <span class='ocrx_word' id='word_1_53' title='bbox 393 855 509 882; x_wconf 80' lang='lat' dir='ltr'>mora</span> <span class='ocrx_word' id='word_1_54' title='bbox 539 841 610 891; x_wconf 86' lang='lat' dir='ltr'>sit,</span> <span class='ocrx_word' id='word_1_55' title='bbox 642 841 726 893; x_wconf 83' lang='lat' dir='ltr'>regi</span> <span class='ocrx_word' id='word_1_56' title='bbox 756 841 862 881; x_wconf 84' lang='lat' dir='ltr'>saltu</span> <span class='ocrx_word' id='word_1_57' title='bbox 895 849 1130 881; x_wconf 83' lang='lat' dir='ltr'><strong>transcurre</strong></span> <span class='ocrx_word' id='word_1_58' title='bbox 1163 844 1327 894; x_wconf 87' lang='lat' dir='ltr'>celebri,</span> 
     </span>
     <span class='ocr_line' id='line_1_17' title="bbox 285 914 1311 967; baseline 0.003 -14"><span class='ocrx_word' id='word_1_59' title='bbox 285 914 405 966; x_wconf 78' lang='lat' dir='ltr'>Regis</span> <span class='ocrx_word' id='word_1_60' title='bbox 436 914 668 967; x_wconf 74' lang='lat' dir='ltr'><strong>praefectus</strong></span> <span class='ocrx_word' id='word_1_61' title='bbox 699 928 826 965; x_wconf 85' lang='lat' dir='ltr'>reguo</span> <span class='ocrx_word' id='word_1_62' title='bbox 858 915 1049 954; x_wconf 86' lang='lat' dir='ltr'>scriberis</span> <span class='ocrx_word' id='word_1_63' title='bbox 1079 915 1311 956; x_wconf 58' lang='lat' dir='ltr'>secundus?</span> 
     </span>
     <span class='ocr_line' id='line_1_18' title="bbox 675 986 987 1038; baseline -0.003 -14"><span class='ocrx_word' id='word_1_64' title='bbox 675 986 828 1038; x_wconf 83' lang='lat' dir='ltr'>pardus</span> <span class='ocrx_word' id='word_1_65' title='bbox 859 987 987 1038; x_wconf 82' lang='lat' dir='ltr'>vulpi.</span> 
     </span>
     <span class='ocr_line' id='line_1_19' title="bbox 288 1058 1431 1112; baseline 0.002 -13"><span class='ocrx_word' id='word_1_66' title='bbox 288 1059 459 1100; x_wconf 77' lang='lat' dir='ltr'>‘Montio</span> <span class='ocrx_word' id='word_1_67' title='bbox 495 1060 544 1099; x_wconf 84' lang='lat' dir='ltr'>sit</span> <span class='ocrx_word' id='word_1_68' title='bbox 576 1060 736 1111; x_wconf 86' lang='lat' dir='ltr'>primo,</span> <span class='ocrx_word' id='word_1_69' title='bbox 780 1059 812 1097; x_wconf 89' lang='lat' dir='ltr'>si</span> <span class='ocrx_word' id='word_1_70' title='bbox 845 1058 1020 1098; x_wconf 87' lang='lat' dir='ltr'>vinceris</span> <span class='ocrx_word' id='word_1_71' title='bbox 1051 1059 1167 1098; x_wconf 85' lang='lat' dir='ltr'>hoste</span> <span class='ocrx_word' id='word_1_72' title='bbox 1197 1059 1431 1112; x_wconf 64' lang='lat' dir='ltr'>supe1*bo?&#39;</span> 
     </span>
     <span class='ocr_line' id='line_1_20' title="bbox 661 1130 972 1184; baseline -0.006 -12"><span class='ocrx_word' id='word_1_73' title='bbox 661 1131 796 1184; x_wconf 85' lang='lat' dir='ltr'>vulpis</span> <span class='ocrx_word' id='word_1_74' title='bbox 828 1130 972 1184; x_wconf 87' lang='lat' dir='ltr'>pardo.</span> 
     </span>
     <span class='ocr_line' id='line_1_21' title="bbox 289 1202 1499 1258; baseline 0.004 -16"><span class='ocrx_word' id='word_1_75' title='bbox 289 1202 466 1243; x_wconf 81' lang='lat' dir='ltr'>‘Decidit</span> <span class='ocrx_word' id='word_1_76' title='bbox 489 1205 529 1242; x_wconf 92' lang='lat' dir='ltr'>in</span> <span class='ocrx_word' id='word_1_77' title='bbox 550 1204 759 1257; x_wconf 83' lang='lat' dir='ltr'>laqueum,</span> <span class='ocrx_word' id='word_1_78' title='bbox 785 1218 906 1257; x_wconf 85' lang='lat' dir='ltr'>quem</span> <span class='ocrx_word' id='word_1_79' title='bbox 925 1202 1070 1243; x_wconf 80' lang='lat' dir='ltr'>fraude</span> <span class='ocrx_word' id='word_1_80' title='bbox 1089 1202 1314 1244; x_wconf 82' lang='lat' dir='ltr'>tetenderat</span> <span class='ocrx_word' id='word_1_81' title='bbox 1339 1206 1471 1258; x_wconf 86' lang='lat' dir='ltr'>ipsum</span> <span class='ocrx_word' id='word_1_82' title='bbox 1489 1223 1499 1254; x_wconf 90' lang='lat'>;</span> 
     </span>
     <span class='ocr_line' id='line_1_22' title="bbox 289 1272 1334 1326; baseline 0.003 -13"><span class='ocrx_word' id='word_1_83' title='bbox 289 1273 355 1313; x_wconf 90' lang='lat' dir='ltr'>Sic</span> <span class='ocrx_word' id='word_1_84' title='bbox 385 1272 523 1315; x_wconf 80' lang='lat' dir='ltr'>David</span> <span class='ocrx_word' id='word_1_85' title='bbox 552 1275 720 1324; x_wconf 86' lang='lat' dir='ltr'>cecinit,</span> <span class='ocrx_word' id='word_1_86' title='bbox 750 1288 923 1326; x_wconf 86' lang='lat' dir='ltr'>perraro</span> <span class='ocrx_word' id='word_1_87' title='bbox 955 1275 1054 1314; x_wconf 82' lang='lat' dir='ltr'>haec</span> <span class='ocrx_word' id='word_1_88' title='bbox 1085 1275 1172 1313; x_wconf 82' lang='lat' dir='ltr'>alea</span> <span class='ocrx_word' id='word_1_89' title='bbox 1205 1275 1334 1316; x_wconf 63' lang='lat' dir='ltr'>fallit!</span> 
     </span>
     <span class='ocr_line' id='line_1_23' title="bbox 731 1345 897 1397; baseline 0.012 -14"><span class='ocrx_word' id='word_1_90' title='bbox 731 1345 897 1397; x_wconf 84' lang='lat' dir='ltr'>pardus.</span> 
     </span>
     <span class='ocr_line' id='line_1_24' title="bbox 285 1417 1383 1470; baseline 0.003 -14"><span class='ocrx_word' id='word_1_91' title='bbox 285 1417 383 1456; x_wconf 70' lang='lat' dir='ltr'>‘Jam</span> <span class='ocrx_word' id='word_1_92' title='bbox 418 1431 548 1470; x_wconf 86' lang='lat' dir='ltr'>prope</span> <span class='ocrx_word' id='word_1_93' title='bbox 579 1419 819 1470; x_wconf 82' lang='lat' dir='ltr'>psalterium</span> <span class='ocrx_word' id='word_1_94' title='bbox 851 1417 966 1458; x_wconf 81' lang='lat' dir='ltr'>finivi</span> <span class='ocrx_word' id='word_1_95' title='bbox 997 1418 1176 1456; x_wconf 82' lang='lat' dir='ltr'>carmine</span> <span class='ocrx_word' id='word_1_96' title='bbox 1211 1431 1383 1470; x_wconf 86' lang='lat' dir='ltr'>sacrum,</span> 
     </span>
     <span class='ocr_line' id='line_1_25' title="bbox 288 1489 1290 1538; baseline 0.003 -12"><span class='ocrx_word' id='word_1_97' title='bbox 288 1489 534 1527; x_wconf 86' lang='lat' dir='ltr'>Incumbens</span> <span class='ocrx_word' id='word_1_98' title='bbox 564 1490 717 1538; x_wconf 88' lang='lat' dir='ltr'>veniis,</span> <span class='ocrx_word' id='word_1_99' title='bbox 754 1504 804 1528; x_wconf 90' lang='lat' dir='ltr'>ne</span> <span class='ocrx_word' id='word_1_100' title='bbox 836 1491 975 1529; x_wconf 84' lang='lat' dir='ltr'>forsan</span> <span class='ocrx_word' id='word_1_101' title='bbox 1009 1489 1290 1530; x_wconf 76' lang='lat' dir='ltr'>victimareris.</span> 
     </span>
     <span class='ocr_line' id='line_1_26' title="bbox 283 1561 1412 1615; baseline 0.003 -14"><span class='ocrx_word' id='word_1_102' title='bbox 283 1562 468 1601; x_wconf 87' lang='lat' dir='ltr'>Psalmos</span> <span class='ocrx_word' id='word_1_103' title='bbox 499 1563 696 1614; x_wconf 85' lang='lat' dir='ltr'>explebo,</span> <span class='ocrx_word' id='word_1_104' title='bbox 728 1561 856 1601; x_wconf 85' lang='lat' dir='ltr'>cecini</span> <span class='ocrx_word' id='word_1_105' title='bbox 888 1575 992 1615; x_wconf 86' lang='lat' dir='ltr'>quos</span> <span class='ocrx_word' id='word_1_106' title='bbox 1029 1575 1158 1613; x_wconf 87' lang='lat' dir='ltr'>nsque</span> <span class='ocrx_word' id='word_1_107' title='bbox 1192 1571 1412 1613; x_wconf 85' lang='lat' dir='ltr'>memento,</span> 
     </span>
     <span class='ocr_line' id='line_1_27' title="bbox 287 1633 1169 1687; baseline 0.002 -15"><span class='ocrx_word' id='word_1_108' title='bbox 287 1635 450 1673; x_wconf 86' lang='lat' dir='ltr'>Psalmo</span> <span class='ocrx_word' id='word_1_109' title='bbox 489 1633 605 1673; x_wconf 87' lang='lat' dir='ltr'>finito</span> <span class='ocrx_word' id='word_1_110' title='bbox 637 1635 840 1674; x_wconf 82' lang='lat' dir='ltr'>curvabar</span> <span class='ocrx_word' id='word_1_111' title='bbox 874 1634 1030 1687; x_wconf 86' lang='lat' dir='ltr'>poplite</span> <span class='ocrx_word' id='word_1_112' title='bbox 1059 1633 1169 1674; x_wconf 61' lang='lat' dir='ltr'>fixo?</span> 
     </span>
     <span class='ocr_line' id='line_1_28' title="bbox 287 1706 1380 1758; baseline 0.002 -13"><span class='ocrx_word' id='word_1_113' title='bbox 287 1706 553 1745; x_wconf 84' lang='lat' dir='ltr'>Concurrunt</span> <span class='ocrx_word' id='word_1_114' title='bbox 583 1707 728 1755; x_wconf 82' lang='lat' dir='ltr'>ambo,</span> <span class='ocrx_word' id='word_1_115' title='bbox 760 1709 938 1758; x_wconf 86' lang='lat' dir='ltr'>psalmos</span> <span class='ocrx_word' id='word_1_116' title='bbox 970 1708 1126 1758; x_wconf 82' lang='lat' dir='ltr'>pariter</span> <span class='ocrx_word' id='word_1_117' title='bbox 1155 1706 1380 1757; x_wconf 80' lang='lat' dir='ltr'>recitando,</span> 
     </span>
     <span class='ocr_line' id='line_1_29' title="bbox 287 1778 1392 1832; baseline 0.003 -15"><span class='ocrx_word' id='word_1_118' title='bbox 287 1779 436 1832; x_wconf 87' lang='lat' dir='ltr'>Deque</span> <span class='ocrx_word' id='word_1_119' title='bbox 466 1779 596 1818; x_wconf 87' lang='lat' dir='ltr'>tribus</span> <span class='ocrx_word' id='word_1_120' title='bbox 626 1779 766 1831; x_wconf 85' lang='lat' dir='ltr'>pueris</span> <span class='ocrx_word' id='word_1_121' title='bbox 798 1778 894 1817; x_wconf 86' lang='lat' dir='ltr'>dum</span> <span class='ocrx_word' id='word_1_122' title='bbox 926 1780 1014 1818; x_wconf 88' lang='lat' dir='ltr'>laus</span> <span class='ocrx_word' id='word_1_123' title='bbox 1045 1779 1186 1818; x_wconf 90' lang='lat' dir='ltr'>finitur</span> <span class='ocrx_word' id='word_1_124' title='bbox 1218 1781 1268 1818; x_wconf 88' lang='lat' dir='ltr'>ab</span> <span class='ocrx_word' id='word_1_125' title='bbox 1299 1780 1392 1831; x_wconf 87' lang='lat' dir='ltr'>illis,</span> 
     </span>
     <span class='ocr_line' id='line_1_30' title="bbox 288 1850 1234 1903; baseline -0.002 -13"><span class='ocrx_word' id='word_1_126' title='bbox 288 1850 339 1890; x_wconf 91' lang='lat' dir='ltr'>Se</span> <span class='ocrx_word' id='word_1_127' title='bbox 372 1850 530 1890; x_wconf 87' lang='lat' dir='ltr'>sociant</span> <span class='ocrx_word' id='word_1_128' title='bbox 563 1852 671 1901; x_wconf 80' lang='lat' dir='ltr'>regi,</span> <span class='ocrx_word' id='word_1_129' title='bbox 700 1850 950 1890; x_wconf 86' lang='lat' dir='ltr'>benedicunt</span> <span class='ocrx_word' id='word_1_130' title='bbox 982 1851 1234 1903; x_wconf 81' lang='lat' dir='ltr'>suscipienti,</span> 
     </span>
     <span class='ocr_line' id='line_1_31' title="bbox 287 1921 1355 1975; baseline 0 -12"><span class='ocrx_word' id='word_1_131' title='bbox 287 1921 323 1963; x_wconf 90' lang='grc' dir='ltr'><strong>Ο</strong></span> <span class='ocrx_word' id='word_1_132' title='bbox 356 1923 427 1974; x_wconf 85' lang='lat' dir='ltr'>qui</span> <span class='ocrx_word' id='word_1_133' title='bbox 455 1924 694 1974; x_wconf 77' lang='lat' dir='ltr'>complexus</span> <span class='ocrx_word' id='word_1_134' title='bbox 728 1931 766 1962; x_wconf 90' lang='lat' dir='ltr'>et</span> <span class='ocrx_word' id='word_1_135' title='bbox 800 1922 947 1973; x_wconf 82' lang='lat' dir='ltr'>gaudia</span> <span class='ocrx_word' id='word_1_136' title='bbox 979 1932 1132 1975; x_wconf 79' lang='lat' dir='ltr'>quauta</span> <span class='ocrx_word' id='word_1_137' title='bbox 1165 1922 1355 1963; x_wconf 76' lang='lat' dir='ltr'>suerunt!</span> 
     </span>
     <span class='ocr_line' id='line_1_32' title="bbox 282 1994 1311 2034; baseline 0.003 -3"><span class='ocrx_word' id='word_1_138' title='bbox 282 1994 360 2032; x_wconf 87' lang='lat' dir='ltr'>Hie</span> <span class='ocrx_word' id='word_1_139' title='bbox 392 1994 695 2033; x_wconf 84' lang='lat' dir='ltr'>benedicendus</span> <span class='ocrx_word' id='word_1_140' title='bbox 727 1996 935 2034; x_wconf 83' lang='lat' dir='ltr'>communi</span> <span class='ocrx_word' id='word_1_141' title='bbox 972 2004 1080 2034; x_wconf 87' lang='lat' dir='ltr'>sorte</span> <span class='ocrx_word' id='word_1_142' title='bbox 1113 1994 1311 2034; x_wconf 83' lang='lat' dir='ltr'>beandus.</span> 
     </span>
     <span class='ocr_line' id='line_1_33' title="bbox 285 2066 1323 2119; baseline 0.002 -15"><span class='ocrx_word' id='word_1_143' title='bbox 285 2066 463 2106; x_wconf 91' lang='lat' dir='ltr'>Ducitur</span> <span class='ocrx_word' id='word_1_144' title='bbox 504 2066 690 2118; x_wconf 83' lang='lat' dir='ltr'>inpransi</span> <span class='ocrx_word' id='word_1_145' title='bbox 721 2075 932 2119; x_wconf 83' lang='lat' dir='ltr'>susceptus</span> <span class='ocrx_word' id='word_1_146' title='bbox 975 2067 1096 2106; x_wconf 81' lang='lat' dir='ltr'>laude</span> <span class='ocrx_word' id='word_1_147' title='bbox 1129 2069 1323 2118; x_wconf 83' lang='lat' dir='ltr'>magistri,</span> 
     </span>
     <span class='ocr_line' id='line_1_34' title="bbox 287 2138 1438 2193; baseline 0.003 -17"><span class='ocrx_word' id='word_1_148' title='bbox 287 2139 399 2178; x_wconf 87' lang='lat' dir='ltr'>Dum</span> <span class='ocrx_word' id='word_1_149' title='bbox 431 2147 567 2178; x_wconf 85' lang='lat' dir='ltr'>manet</span> <span class='ocrx_word' id='word_1_150' title='bbox 597 2139 637 2177; x_wconf 87' lang='lat' dir='ltr'>iu</span> <span class='ocrx_word' id='word_1_151' title='bbox 673 2138 816 2178; x_wconf 85' lang='lat' dir='ltr'>mediis</span> <span class='ocrx_word' id='word_1_152' title='bbox 850 2140 1006 2179; x_wconf 86' lang='lat' dir='ltr'>medius</span> <span class='ocrx_word' id='word_1_153' title='bbox 1038 2141 1268 2193; x_wconf 78' lang='lat' dir='ltr'>permixtus</span> <span class='ocrx_word' id='word_1_154' title='bbox 1299 2141 1438 2180; x_wconf 86' lang='lat' dir='ltr'>amicis</span> 
     </span>
     <span class='ocr_line' id='line_1_35' title="bbox 283 2204 1496 2267; baseline 0.001 -16"><span class='ocrx_word' id='word_1_155' title='bbox 283 2212 494 2263; x_wconf 82' lang='lat' dir='ltr'>Unguitur</span> <span class='ocrx_word' id='word_1_156' title='bbox 524 2212 564 2250; x_wconf 87' lang='lat' dir='ltr'>in</span> <span class='ocrx_word' id='word_1_157' title='bbox 598 2225 732 2262; x_wconf 84' lang='lat' dir='ltr'>regem</span> <span class='ocrx_word' id='word_1_158' title='bbox 756 2226 844 2250; x_wconf 86' lang='lat' dir='ltr'>cum</span> <span class='ocrx_word' id='word_1_159' title='bbox 867 2204 1152 2266; x_wconf 54' lang='lat' dir='ltr'>fratrum‘post</span> <span class='ocrx_word' id='word_1_160' title='bbox 1173 2228 1341 2267; x_wconf 87' lang='lat' dir='ltr'>quoque</span> <span class='ocrx_word' id='word_1_161' title='bbox 1361 2213 1496 2262; x_wconf 80' lang='lat' dir='ltr'>laude,</span> 
     </span>
     <span class='ocr_line' id='line_1_36' title="bbox 284 2283 1333 2337; baseline 0.002 -14"><span class='ocrx_word' id='word_1_162' title='bbox 284 2286 330 2323; x_wconf 90' lang='lat' dir='ltr'>In</span> <span class='ocrx_word' id='word_1_163' title='bbox 364 2285 538 2337; x_wconf 88' lang='lat' dir='ltr'>speciem</span> <span class='ocrx_word' id='word_1_164' title='bbox 571 2284 685 2335; x_wconf 78' lang='lat' dir='ltr'>regni</span> <span class='ocrx_word' id='word_1_165' title='bbox 717 2284 842 2323; x_wconf 68' lang='lat' dir='ltr'>vit-uit</span> <span class='ocrx_word' id='word_1_166' title='bbox 875 2283 1021 2325; x_wconf 84' lang='lat' dir='ltr'>domus</span> <span class='ocrx_word' id='word_1_167' title='bbox 1052 2287 1183 2325; x_wconf 87' lang='lat' dir='ltr'>aulica</span> <span class='ocrx_word' id='word_1_168' title='bbox 1214 2288 1333 2337; x_wconf 83' lang='lat' dir='ltr'>regis.</span> 
     </span>
     <span class='ocr_line' id='line_1_37' title="bbox 284 2355 1364 2408; baseline 0.003 -15"><span class='ocrx_word' id='word_1_169' title='bbox 284 2355 402 2395; x_wconf 85' lang='lat' dir='ltr'>Tunc</span> <span class='ocrx_word' id='word_1_170' title='bbox 432 2369 474 2395; x_wconf 89' lang='lat' dir='ltr'>se</span> <span class='ocrx_word' id='word_1_171' title='bbox 503 2357 740 2408; x_wconf 86' lang='lat' dir='ltr'>proluerat,</span> <span class='ocrx_word' id='word_1_172' title='bbox 772 2371 934 2397; x_wconf 83' lang='lat' dir='ltr'>mensas</span> <span class='ocrx_word' id='word_1_173' title='bbox 966 2372 1016 2397; x_wconf 79' lang='lat' dir='ltr'>ex</span> <span class='ocrx_word' id='word_1_174' title='bbox 1050 2357 1195 2398; x_wconf 80' lang='lat' dir='ltr'>ordine</span> <span class='ocrx_word' id='word_1_175' title='bbox 1226 2358 1364 2406; x_wconf 77' lang='lat' dir='ltr'>donat,</span> 
     </span>
     <span class='ocr_line' id='line_1_38' title="bbox 287 2426 1365 2482; baseline 0.005 -18"><span class='ocrx_word' id='word_1_176' title='bbox 287 2426 498 2477; x_wconf 85' lang='lat' dir='ltr'>Imperitat</span> <span class='ocrx_word' id='word_1_177' title='bbox 527 2429 732 2479; x_wconf 85' lang='lat' dir='ltr'>geminare</span> <span class='ocrx_word' id='word_1_178' title='bbox 764 2430 899 2480; x_wconf 88' lang='lat' dir='ltr'>cibos,</span> <span class='ocrx_word' id='word_1_179' title='bbox 932 2439 975 2469; x_wconf 83' lang='lat' dir='ltr'>ut</span> <span class='ocrx_word' id='word_1_180' title='bbox 1005 2432 1140 2482; x_wconf 57' lang='lat' dir='ltr'>regius</span> <span class='ocrx_word' id='word_1_181' title='bbox 1175 2438 1235 2468; x_wconf 89' lang='lat' dir='ltr'>est</span> <span class='ocrx_word' id='word_1_182' title='bbox 1264 2444 1365 2479; x_wconf 86' lang='lat' dir='ltr'>mos,</span> 
     </span>
     <span class='ocr_line' id='line_1_39' title="bbox 286 2496 1408 2556; baseline 0.003 -21"><span class='ocrx_word' id='word_1_183' title='bbox 286 2496 393 2536; x_wconf 84' lang='lat' dir='ltr'>Nam</span> <span class='ocrx_word' id='word_1_184' title='bbox 422 2496 533 2538; x_wconf 86' lang='lat' dir='ltr'>vadit</span> <span class='ocrx_word' id='word_1_185' title='bbox 565 2512 744 2551; x_wconf 84' lang='lat' dir='ltr'>sessum,</span> <span class='ocrx_word' id='word_1_186' title='bbox 774 2515 872 2553; x_wconf 85' lang='lat' dir='ltr'>prae</span> <span class='ocrx_word' id='word_1_187' title='bbox 902 2517 1039 2542; x_wconf 86' lang='lat' dir='ltr'>mensa</span> <span class='ocrx_word' id='word_1_188' title='bbox 1070 2502 1191 2556; x_wconf 85' lang='lat' dir='ltr'>ponit</span> <span class='ocrx_word' id='word_1_189' title='bbox 1220 2500 1408 2548; x_wconf 86' lang='lat' dir='ltr'>amicum,</span> 
     </span>
    </p>
   </div>
   <div class='ocr_carea' id='block_1_9' title="bbox 241 2667 830 2703">
    <p class='ocr_par' dir='ltr' id='par_1_9' title="bbox 241 2667 830 2703">
     <span class='ocr_line' id='line_1_40' title="bbox 241 2667 830 2703; baseline 0.007 -4"><span class='ocrx_word' id='word_1_190' title='bbox 241 2669 306 2700; x_wconf 73' lang='lat'>761</span> <span class='ocrx_word' id='word_1_191' title='bbox 335 2667 431 2702; x_wconf 88' lang='lat' dir='ltr'>irodo</span> <span class='ocrx_word' id='word_1_192' title='bbox 457 2670 496 2703; x_wconf 78' lang='lat' dir='ltr'>A.</span> <span class='ocrx_word' id='word_1_193' title='bbox 627 2670 696 2702; x_wconf 75' lang='lat'>764</span> <span class='ocrx_word' id='word_1_194' title='bbox 721 2670 766 2702; x_wconf 81' lang='lat' dir='ltr'>sis</span> <span class='ocrx_word' id='word_1_195' title='bbox 792 2671 830 2703; x_wconf 83' lang='grc' dir='ltr'>Α.</span> 
     </span>
    </p>
   </div>
  </div>
 </body>
</html>
