1721 2938
532 129 1025 172 WALTHARIUS.
1400 134 1455 175 43

113 285 217 320 1165
275 281 489 332 Deprecor
523 291 563 321 at
593 281 805 321 dominum
828 283 1001 322 contrita
1037 291 1173 321 mente
1203 285 1438 336 benignum,

274 353 353 402 Ut,
391 354 463 405 qui
490 361 704 404 peccantes
733 368 820 393 non
850 356 960 403 vult,
1000 354 1069 393 sed
1101 355 1272 407 perdere
1305 360 1457 410 culpas,

279 425 367 464 Hos
386 425 430 462 in
464 425 628 462 coelesti
656 433 836 475 praestet
870 426 971 463 mihi
998 427 1094 466 sede
1127 428 1283 469 videri?

216 482 313 555 Qui
342 506 558 550 postquam
603 496 750 536 orandi
777 499 900 538 finem
932 499 1063 548 dedit,
1093 502 1186 542 ilico
1220 517 1388 554 surgens

275 572 358 610 Sex
391 571 538 621 giravit
569 584 697 623 equos
727 579 766 610 et
798 573 921 622 virgis
956 574 1032 611 rite
1063 575 1229 614 retortis

114 648 220 683 1170
278 642 445 681 Vineiit.
502 642 545 680 hi
576 650 733 681 tantum
764 645 1055 692 remanebant,
1093 659 1240 697 nempe
1271 646 1432 686 duobus

275 716 355 754 Per
384 716 464 753 tela
495 714 743 765 absumptis,
779 715 910 754 trinos
936 729 1012 754 rex
1044 716 1255 756 Gunthere
1287 720 1431 769 abegit.

210 773 308 828 His
340 791 396 828 ita
426 789 661 840 compositis
687 791 941 840 procinctum
974 791 1118 840 solvit,
1158 798 1196 829 et
1226 792 1303 829 alte

277 864 439 914 Ingenti
471 864 634 901 sumans
667 864 846 904 leviabat
871 864 1056 916 pondere
1088 878 1253 916 eorpus.

275 936 384 974 Tum
416 943 613 974 moestam
643 936 751 975 laeto
782 938 918 976 solans
951 937 1142 976 affamine
1172 950 1390 988 sponsam,

115 1011 221 1048 1175
284 1009 472 1061 Moxque
506 1008 643 1045 cibum
675 1009 839 1060 capiens
872 1022 1015 1059 aegros
1048 1017 1304 1049 recreaverat
1335 1018 1448 1049 artus

279 1078 463 1134 (Oppido
488 1080 597 1118 enim
628 1080 757 1119 lassus
786 1081 938 1132 fuerat)
972 1082 1184 1133 clipeoque
1208 1083 1463 1131 recumbens,

277 1153 407 1192 Primi
441 1151 651 1192 custodem
682 1153 815 1191 somni
846 1154 962 1201 jubet
992 1166 1077 1191 esse
1108 1155 1311 1204 puellam,

276 1225 368 1276 Ipse
399 1225 639 1262 matutinam
670 1223 892 1275 disponens
924 1226 1063 1263 tollere
1100 1238 1264 1274 curam,

281 1294 396 1344 Quae
427 1297 562 1334 suerat
590 1303 778 1347 suspecta
807 1296 957 1346 snagi53
997 1296 1242 1347 tandemque
1266 1296 1437 1347 quievit.

123 1371 230 1407 1180
288 1368 352 1407 Ad
388 1372 500 1417 cujus
533 1376 653 1418 caput
682 1367 751 1405 illa
781 1366 925 1406 sedens
956 1369 1075 1406 solito
1099 1368 1301 1418 vigilavit,

286 1440 338 1478 Et
367 1439 635 1478 dormitantes
667 1447 784 1478 cantu
816 1440 1006 1491 patefecit
1038 1441 1203 1478 ocellos.

284 1512 358 1550 Ast
389 1511 459 1550 ubi
489 1511 553 1551 vir
592 1511 772 1561 primum
811 1514 890 1559 jam
923 1509 1244 1562 expergiscendo
1275 1522 1468 1561 soporem

281 1583 490 1635 Ruperat,
518 1585 672 1635 absque
702 1595 819 1622 mora
850 1596 1018 1634 surgens
1050 1582 1229 1622 dormire
1263 1580 1444 1632 puellam

285 1656 427 1704 Jussit,
467 1664 505 1694 et
536 1663 692 1693 arrecta
722 1669 763 1693 se
798 1656 927 1694 sulciit
956 1656 1130 1706 impiger
1156 1656 1287 1693 hasta.

123 1731 227 1767 1185
289 1727 354 1766 Sic
382 1728 587 1780 reliquum
623 1727 752 1767 noctis
784 1726 920 1776 duxit,
959 1726 1081 1765 modo
1115 1727 1266 1778 quippe
1300 1723 1473 1762 cavallos

288 1799 465 1848 Circuit,
503 1800 708 1839 interdum
740 1801 972 1839 auscultans
1002 1799 1110 1838 vallo
1143 1797 1369 1849 propiavit,

286 1872 500 1924 Exoptans
531 1873 624 1917 orbi
654 1873 806 1924 species
838 1887 882 1911 ac
910 1871 1066 1910 lumina
1095 1870 1226 1910 reddi.

231 1930 423 1986 Lucifer
452 1948 608 1986 interea
638 1960 786 1998 praeco
820 1945 1039 1986 scandebat
1072 1944 1261 1996 Olimpo,

290 2021 453 2060 Lucens
484 2022 734 2072 Taprobane
766 2023 919 2060 clarum
949 2021 1060 2060 videt
1090 2021 1228 2058 insula
1260 2020 1400 2057 solem.

128 2097 234 2133 1190
292 2094 408 2132 Hora
438 2094 535 2142 suit,
575 2093 732 2143 gelidus
767 2108 848 2145 qua
878 2101 1026 2132 terram
1061 2094 1212 2132 irrorat
1240 2092 1365 2131 Eous.

295 2164 539 2216 Aggreditur
566 2166 726 2214 juvenis
755 2179 892 2205 caesos
922 2166 1138 2217 spoliarier
1167 2165 1289 2203 armis

292 2238 599 2289 Armorumqne
636 2238 800 2286 habitu,
838 2238 992 2277 tunicas
1024 2245 1062 2275 et
1093 2245 1225 2275 cetera
1252 2235 1465 2286 linquens,

292 2310 483 2349 Armillas
514 2318 673 2349 tantum
710 2325 800 2349 cum
830 2311 975 2359 bullis,
1001 2311 1133 2348 ballea
1165 2316 1203 2347 et
1233 2321 1367 2355 enses,

224 2411 315 2441 1165
350 2409 391 2442 ad
427 2412 466 2444 Α.
491 2410 531 2444 C.
556 2409 596 2443 Ε.
681 2412 773 2441 1167
809 2409 950 2452 praebet
986 2409 1027 2443 C.
1107 2411 1197 2440 1169
1232 2405 1422 2447 Exgyravit
1450 2405 1477 2438 Ι.

130 2469 218 2500 1171
255 2472 370 2501 ternos
398 2470 438 2503 B.
464 2471 489 2502 l.
531 2469 676 2511 gunther
704 2473 744 2503 A.
824 2472 914 2502 1173
949 2470 1083 2502 levabat
1110 2469 1136 2502 l.
1224 2470 1312 2500 1176
1347 2477 1421 2499 nam
1452 2467 1481 2499 Ι.

132 2531 222 2560 1183
249 2529 341 2561 orbis
366 2541 416 2572 sp.
441 2541 479 2562 ac
505 2532 649 2563 culmina
675 2532 701 2563 l.
763 2533 853 2563 1186
879 2532 1050 2563 oscultans
1072 2530 1112 2561 B.
1173 2531 1261 2560 1189
1289 2528 1412 2559 Dicens
1440 2526 1479 2559 B.

133 2591 224 2620 1189
250 2588 456 2631 thaprobane
485 2592 524 2623 Α.
551 2591 590 2624 C.
629 2591 823 2634 zaprobaue
851 2591 877 2624 l.
965 2593 1054 2622 1190
1088 2590 1194 2622 irrora
1221 2589 1259 2620 B.
1300 2588 1426 2620 inrorat
1452 2585 1464 2616 l

133 2651 218 2681 1191
252 2650 429 2692 spoliarier
457 2660 572 2683 omnes
598 2650 623 2683 l.
707 2653 796 2684 1192
822 2659 990 2684 armorum
1017 2648 1130 2682 habitu
1158 2648 1184 2681 Ι.
