1721 2938
104 2625 188 2658 doch
216 2638 242 2659 s.

273 249 296 281 2

303 250 341 282 Ο.

636 92 937 137 UNIBOS.

1378 99 1462 142 357

400 244 533 295 Super
562 247 789 292 jumentum
822 247 1004 286 concitus

402 317 518 354 Totis
547 316 723 368 imponit
752 319 908 356 viribus

403 386 508 426 Casu
541 395 725 438 repertas
758 389 820 426 vir
850 403 964 440 opes,

405 457 465 496 Ad
499 466 688 509 paternas
723 458 830 499 redit
860 461 978 500 lares.

400 530 605 569 Reversus
635 543 794 568 saccum
830 529 1006 582 disligat‚

398 602 600 641 Infantem
634 603 782 642 stultus
812 601 996 652 advocat,

399 673 530 722 Quem
561 674 679 714 mittit
711 688 786 726 pro
818 677 1000 715 sextario

405 746 634 798 Praepositi
661 747 900 794 justissimo.

399 816 568 865 Quaerit
600 832 705 870 puer
741 818 980 865 sextarium,

395 891 656 943 l’raepositus
688 891 884 937 officium,

398 962 546 1002 Paudit
575 977 682 1014 puer
710 963 918 1013 negotium

395 1035 527 1074 Nimis
558 1035 735 1086 simplex
767 1043 1016 1085 argenteum.

397 1107 594 1158 Largitur
625 1120 694 1147 vas
726 1107 1000 1158 praepositus,

397 1179 546 1217 Insauti
578 1177 736 1217 donans
768 1179 903 1218 ocius:

392 1251 627 1291 Unibovem
659 1251 970 1302 pauperrimum

391 1322 534 1374 Stupet
567 1323 715 1361 factum
747 1323 1005 1362 ditissimum.

394 1396 488 1433 Post
524 1402 680 1445 tergum
712 1394 822 1434 vadit
853 1396 972 1446 pueri

395 1467 578 1506 Ferentis
608 1467 763 1506 lancem
797 1467 931 1514 tritici,

394 1538 573 1576 Massam
603 1538 711 1577 videt
743 1546 990 1588 argenteam,

393 1611 612 1649 Fumosam
645 1609 743 1649 dum
773 1612 919 1650 lustrat
949 1609 1126 1648 domam.

395 1681 675 1720 Nummorum
707 1682 802 1722 visis
837 1682 1046 1721 montibus

394 1754 505 1793 Dicit
537 1755 755 1805 complosis
787 1755 999 1793 manibus:

395 1827 544 1876 ‘Hujus
579 1827 697 1877 egeni
725 1826 916 1878 gaudium

389 1899 460 1937 Est
496 1900 675 1948 furtum,
707 1913 790 1938 non
821 1900 1123 1938 commercium.

399 1972 494 2010 Non
530 1981 588 2011 est
619 1973 660 2009 in
693 1985 832 2010 musac
867 1984 1090 2018 caesarum,

390 2045 476 2083 Nec
506 2046 716 2083 corbanan
748 2045 988 2097 pontificum

390 2118 560 2168 Argenti
590 2126 748 2157 tantum
782 2118 973 2170 pretium,

393 2188 604 2237 Quantum
633 2191 732 2241 tegit
761 2191 999 2241 tugurium?

395 2263 583 2302 Irritatus
614 2263 850 2315 praeposito

395 2333 631 2387 Respondet
660 2334 778 2375 valde
807 2332 958 2374 livido:

394 2407 501 2445 ‘Non
534 2416 593 2446 est
627 2408 705 2446 hoc
737 2408 892 2445 furtum
923 2404 1127 2451 noctium,

394 2477 473 2515 Sed
505 2479 606 2517 corii
639 2481 940 2518 commercium.

196 2581 253 2618 27,
281 2582 302 2610 3
355 2579 618 2620 naclitdiebstal,
645 2579 721 2613 ΒΑ.
748 2582 838 2620 637·,
879 2578 961 2610 oder
981 2587 1022 2609 zu
1053 2577 1145 2609 lesen
1170 2574 1333 2607 nmium?

274 2629 348 2665 iss,
376 2629 406 2659 4.
