1721 2938
141 540 194 573 50

143 897 194 932 55

146 1257 198 1290 60

148 1619 199 1652 65

152 2339 202 2375 75

465 86 867 130 RUODLIEB
931 85 1081 139 fragm.
1112 84 1165 125 11.
1410 81 1489 125 135

253 244 391 283 Missis
423 242 540 284 valde
570 243 680 282 bona
712 241 862 281 dantur
891 242 1042 294 regalia
1073 240 1195 290 dona,

251 317 334 366 Qui
363 330 501 367 regem
531 323 721 368 repetunt
755 314 896 366 dignas
927 323 1142 368 gratesque
1173 314 1251 354 sibi
1280 313 1393 353 dant.

256 388 357 438 Quis
387 390 557 428 miscere
585 388 700 436 jubet
730 386 880 425 summi
909 386 996 425 vini
1027 387 1138 440 quod
1168 387 1360 427 habebat.

255 459 397 510 Legati
425 466 621 508 surgunt,
652 456 858 510 deturque
892 459 1080 508 licentia,
1110 467 1298 511 poscunt.

251 533 342 571 Rex
372 531 449 569 ait:
501 528 650 569 ‘audite
684 529 786 567 mihi
817 529 1038 583 dilectique
1069 540 1208 571 notate

252 603 368 652 Quae
401 603 517 642 vobis
549 602 662 651 dico,
693 616 799 654 quae
831 600 950 640 dicite
983 616 1066 641 non
1103 612 1145 642 ut
1180 605 1323 653 amico,

257 676 337 715 Sed
370 676 496 715 veluti
526 675 633 726 patri
662 674 834 713 meliora
864 675 980 713 malis
1014 675 1231 714 referenti:

251 748 421 796 “Qualis
456 760 496 786 es
532 746 573 784 in
605 747 756 795 corde,
792 756 829 786 te
859 748 978 786 talem
1011 745 1152 798 prodis
1182 747 1224 785 in
1257 760 1342 794 ore,

255 820 370 868 Quae
404 820 522 859 nobis
555 819 663 858 venit
701 828 768 858 tua
800 818 910 871 quod
945 820 1089 870 legatio
1121 818 1276 870 pandit,

257 891 371 940 Quae
404 889 648 943 spondendo
680 892 762 930 reis
795 893 980 940 veniam,
1009 905 1123 943 spem
1156 889 1292 930 dando
1324 888 1465 928 salutis

254 965 411 1003 Mirum
444 964 546 1003 velle
577 964 671 1002 satis
704 962 820 1002 docet
855 965 1066 1004 ultroneae
1098 964 1271 1015 pietatis,

258 1036 413 1076 Contra
443 1049 548 1088 qnae
577 1043 709 1086 grates
740 1048 824 1074 non
857 1034 1083 1074 sufficimus
1115 1034 1212 1073 dare
1242 1032 1405 1084 digna53

261 1108 342 1147 Sed
375 1108 448 1147 tibi
479 1108 650 1157 subjecti
676 1120 843 1156 sumus,
881 1108 922 1144 in
954 1106 1176 1158 pugnando
1210 1106 1380 1155 subacti,

257 1180 428 1232 Semper
457 1189 495 1219 et
528 1180 737 1230 omnigeni
768 1179 1001 1218 serviminis
1043 1180 1184 1217 intime
1216 1178 1412 1232 prompti.

258 1253 312 1292 Ut
343 1251 617 1301 demandasti,
661 1266 744 1305 qno
777 1253 836 1292 vis
868 1266 1006 1292 sumus
1037 1249 1097 1290 ire
1127 1253 1273 1304 parati.

258 1326 329 1364 Est
361 1324 474 1377 quod
512 1324 724 1364 laudatum
757 1333 965 1363 ternarum
1001 1326 1324 1376 septimanarum

257 1396 318 1435 Ad
350 1397 526 1449 spatium
562 1397 705 1436 vestris
746 1405 805 1435 est
836 1398 966 1436 visum
997 1396 1052 1435 sic
1089 1397 1146 1436 nti
1179 1398 1344 1446 nostris,

258 1471 304 1508 In
349 1483 514 1520 campo,
560 1468 717 1519 primus
759 1481 800 1506 es
831 1482 915 1520 qno
947 1478 989 1507 tu
1024 1469 1299 1509 consiliatuS.”

260 1539 423 1581 Oblitus
453 1542 486 1579 si
536 1539 635 1593 quid
675 1554 785 1588 sum,
830 1548 963 1580 vestra
994 1540 1092 1580 fides
1124 1551 1161 1581 at
1194 1543 1232 1582 id
1262 1543 1429 1595 implet)
1499 1546 1625 1580 fors-¹.

260 1612 529 1665 Respondent
556 1612 735 1663 pariter:
787 1612 987 1651 ‘meruisti
1026 1614 1278 1653 sufficienter

258 1686 346 1725 Nos
377 1685 530 1725 servire
566 1684 653 1733 tibi,
685 1698 848 1736 semper
877 1699 969 1723 cum
1003 1684 1125 1724 corde
1161 1685 1296 1725 fideli)

254 1759 375 1797 Tunc
407 1758 682 1803 inclinabant,
722 1771 814 1795 cum
845 1757 921 1796 rite
954 1758 1110 1799 ‘valete'
1144 1758 1354 1806 recedunt,

260 1830 361 1870 Inde
377 1838 520 1881 petunt
539 1843 757 1877 summum,
780 1830 891 1869 velut
907 1839 965 1868 est
984 1829 1165 1881 dignum,
1187 1831 1497 1884 vicedomnum3

259 1906 293 1942 A
324 1916 408 1956 quo
441 1901 583 1941 donati
614 1909 710 1940 sunt
745 1900 860 1940 valde
892 1904 1006 1940 ‘vale’
1045 1904 1262 1943 benefacti.

261 1975 326 2012 Ex
352 1979 467 2024 jussu
497 1973 602 2024 regis
634 1974 889 2024 provisorem
923 1974 1033 2012 dedit
1062 1975 1156 2023 illis,

257 2046 340 2095 Qui
371 2053 635 2099 procuraret,
666 2044 777 2096 quod
808 2058 912 2096 opus
942 2047 992 2084 sit
1023 2047 1105 2093 eis,
1147 2054 1190 2085 nt
1225 2045 1437 2084 haberent.

261 2117 384 2167 Quod
412 2117 546 2158 studio
575 2131 737 2157 summo
769 2118 989 2169 complevit
1018 2117 1225 2171 cordeque
1259 2117 1356 2166 fido,

261 2192 406 2230 Donec
436 2189 628 2242 pacifice,
662 2190 724 2230 vel
757 2203 826 2228 eos
858 2187 1055 2240 perduxit
1084 2190 1253 2229 honeste

260 2264 391 2302 Extra
419 2265 651 2302 clausuram
681 2262 781 2302 fines
812 2262 928 2312 regni
958 2261 1233 2301 dirimentem.

263 2334 395 2382 Quem
433 2337 537 2374 bene
570 2333 770 2373 donatum
804 2336 867 2376 vel
899 2335 1036 2374 verbis
1079 2333 1349 2385 gratificatum

265 2409 465 2454 Poscunt,
494 2407 663 2446 inclinet
695 2408 801 2458 regi,
845 2407 1016 2446 ‘faciam'
1049 2406 1199 2460 quibus
1237 2405 1387 2459 inquit.

266 2478 301 2516 A
332 2491 373 2516 se
402 2477 523 2517 divisi
555 2487 650 2518 sunt
680 2478 731 2517 ad
765 2479 1021 2532 patriamque
1051 2478 1221 2518 reversi.

232 2601 236 2606 ι
264 2549 406 2603 thue
438 2548 608 2589 domum
648 2550 823 2590 redeunt
853 2565 986 2603 regem
1017 2549 1279 2603 properando
1306 2551 1505 2591 revisunt.

268 2621 325 2663 Ut
352 2622 535 2675 primum
568 2621 698 2671 videt,
728 2622 834 2662 bene
869 2637 972 2676 quos
1004 2625 1195 2677 suscepit,
1240 2632 1279 2664 et
1308 2625 1461 2677 inquit:
