1721 2938
321 406 385 439 87.

314 693 378 727 88.

316 984 382 1018 89.

315 1273 381 1307 90.

313 1562 379 1596 91.

315 2139 381 2172 93.

317 2420 384 2457 94.

673 103 967 147 UNIBOS.

440 257 559 295 Istius
592 258 766 296 formam
797 257 985 305 feminae,

439 327 554 375 Quae
585 330 766 368 surrexit
794 329 837 367 in
868 330 944 368 hac
976 328 1058 369 die.

446 401 550 439 Ante
586 408 761 439 mortem
792 401 924 452 turpis
955 401 1045 451 fuit,

438 473 503 511 De
533 481 667 512 morte
697 474 869 525 pulchra
900 473 1043 524 rediit3

436 544 554 582 Felix
582 558 692 583 mors
724 559 829 597 quae
861 545 1116 596 pulchrificat

439 689 571 735 Quam
606 689 702 726 felix
733 701 859 727 sonus
895 689 1081 740 bucinae,

439 761 530 809 Qua
560 769 817 801 renovantur
846 763 1021 802 vetulae.

438 834 625 885 Sponsae
656 842 822 873 nostrae
854 833 1085 887 decrepitae

436 908 516 945 Pro
548 906 677 945 multo
707 906 812 945 fiunt
842 914 1040 960 tempore.

439 977 484 1017 Si
515 991 590 1017 nos
621 977 759 1018 divina
787 978 919 1029 gratia

438 1051 677 1090 Honoraret
708 1051 784 1088 hac
814 1050 977 1099 bucina,

438 1121 730 1163 occideremus
765 1125 969 1172 conjuges,

438 1195 540 1234 Prae
570 1196 682 1245 rugis
713 1195 977 1234 execrabiles.

438 1270 661 1308 Precemur
699 1268 936 1315 unibovem,

439 1340 495 1380 Ut
526 1340 646 1379 nobis
676 1346 854 1392 praestet
883 1337 934 1377 ad
963 1340 1104 1389 vicem,

436 1413 517 1452 Vel
548 1420 591 1451 ut
623 1411 772 1451 vendat
805 1412 910 1451 hanc
941 1413 1145 1461 bucinam,

439 1485 555 1533 Quae
585 1493 746 1535 turpem
780 1483 886 1523 tollit
914 1486 1130 1524 maculam.

441 1558 603 1596 Tubam
636 1564 834 1595 certemus
865 1568 1013 1606 emere,

437 1628 494 1667 Ut
522 1642 693 1680 sponsas
725 1626 951 1667 interficere

438 1699 534 1739 Uno
562 1701 766 1752 possimus
795 1707 981 1751 tempore

440 1771 659 1812 Ornandas
693 1771 1014 1823 pulchritudine.

371 1875 380 1884 .
438 1844 541 1884 Cum
574 1843 784 1882 resonabit
812 1843 964 1882 bucina

436 1917 665 1967 Fugabitur
694 1929 805 1954 mors
836 1930 994 1967 aspera,

437 1988 550 2027 Sicut
581 1989 621 2026 in
657 1989 734 2026 hoc
763 1988 1033 2039 probavimus

436 2060 658 2109 Examine,
689 2059 798 2111 quod
827 2058 1016 2098 vidimus.

439 2132 605 2171 Facturi
636 2145 776 2170 sumus
806 2132 954 2170 alteras

438 2205 502 2243 De
532 2203 727 2244 redivivis
759 2203 938 2254 nuptias,

438 2274 674 2316 Offeramus
710 2276 927 2326 pecuniam

437 2345 494 2385 Ut
520 2347 641 2385 nobis
671 2345 820 2387 vendat
849 2346 1069 2385 bucinam-⁹

444 2418 594 2459 Oblato
622 2431 770 2469 magno
800 2432 971 2457 munere

437 2490 601 2528 Tubam
631 2497 844 2528 merentur
874 2502 1023 2527 emere.

241 2629 298 2666 92,
323 2629 343 2658 3
396 2627 427 2659 in
455 2625 527 2660 hac.
814 2627 872 2667 92,
899 2626 922 2658 4
970 2633 1069 2667 quam

1413 111 1496 151 365
