1721 2938
191 140 277 183 244
702 138 1048 180 ECBASIS.

305 292 509 334 Scribitur
540 298 577 329 et
607 289 779 340 legitur,
810 289 1041 342 priscorum
1072 289 1252 328 carmine
1283 290 1421 339 scitur,

302 369 382 406 Per
412 375 604 416 campos,
636 361 784 411 silvas,
814 360 963 402 fluvios
995 375 1222 413 properare
1254 361 1466 413 Camenas,

304 439 398 488 Quo
430 435 535 490 pede
559 435 822 488 pervolitent,
851 436 916 475 vel
941 448 1046 488 quae
1074 434 1153 474 sibi
1174 435 1355 475 carmina
1385 433 1549 486 dictent,

303 511 452 549 Exitus
483 516 521 548 et
549 506 705 546 reditus
736 520 912 559 quarum
944 520 1019 558 per
1050 506 1228 545 maxima
1256 514 1398 545 cautus

193 590 245 625 30
307 581 553 621 Commouet
582 578 806 629 insulsum,
844 593 895 618 ne
925 579 1021 618 fimo
1049 579 1206 630 polluat
1237 592 1399 627 aurum,

299 656 490 706 Increpat
518 649 729 690 indoctum
761 650 810 690 de
838 651 961 690 coelis
992 650 1171 688 scribere
1204 664 1382 699 versum,

299 725 447 776 Arguit
476 722 705 763 invalidum
734 737 810 775 per
834 723 974 762 .fortia
1004 722 1173 761 tendere
1203 735 1400 772 gressum.

302 798 491 837 Territus
522 796 632 835 hisce
663 795 784 834 minis
826 794 1005 835 meditor
1049 795 1243 834 desistere
1272 795 1440 847 coeptis.

299 870 456 908 Rerum
489 875 694 919 gestarum
724 867 852 918 viguit
885 881 972 907 mos
1004 876 1188 919 tempore
1220 874 1397 918 patrum,

191 947 241 983 35
300 943 451 982 Nullus
484 949 529 979 ut
554 938 723 978 auderet
753 940 1014 978 conscribere
1045 953 1150 992 quae
1181 940 1259 978 sibi
1301 940 1436 988 vellet,

303 1013 359 1053 Ni
389 1012 505 1064 prius
538 1009 703 1049 auditor
733 1017 867 1048 certus
898 1011 1005 1049 foret
1045 1011 1112 1049 ille
1145 1019 1326 1058 notator,

297 1087 486 1126 Disceret
516 1093 587 1124 aut
615 1085 704 1125 visu
738 1083 838 1137 quid
869 1087 1226 1124 commemorabile
1257 1087 1434 1138 scrIptu3

300 1160 453 1210 Pagina
484 1158 540 1197 sic
574 1166 682 1197 certa
710 1157 841 1197 valuit
871 1159 947 1196 sub
980 1159 1151 1197 testibus
1183 1168 1284 1198 acta.

299 1233 411 1272 Haec
443 1246 516 1282 ego
548 1230 792 1278 dissolvam,
836 1244 973 1269 raram
1021 1230 1055 1269 si
1084 1245 1197 1282 pono
1230 1232 1434 1280 fabellam,

187 1308 241 1346 40
303 1305 516 1345 Confiteor
550 1304 736 1355 culpam,
776 1301 1015 1341 mendosam
1047 1305 1216 1355 profero
1250 1313 1422 1344 cartam:

298 1377 405 1416 Sunt
434 1384 569 1414 tamen
599 1374 715 1414 utilia
752 1388 859 1427 quae
890 1375 1019 1413 multa
1048 1383 1246 1414 notantur
1273 1376 1314 1414 in
1345 1376 1434 1425 illa3

300 1449 344 1489 Si
372 1449 517 1488 recitas
547 1455 699 1496 totam,
738 1450 857 1498 panis
887 1449 1121 1486 mercabere
1151 1457 1313 1488 tortam.

299 1522 493 1574 Denique
512 1534 594 1559 non
609 1517 791 1571 prodest,
809 1518 877 1557 sed
898 1521 1025 1568 obest,
1042 1528 1084 1558 ut
1100 1535 1220 1572 saepe
1233 1522 1451 1573 probatum
1471 1528 1541 1570 est,

298 1595 392 1634 Una
419 1608 464 1633 re
497 1605 800 1646 quemcumque
842 1604 957 1629 suam
998 1605 1239 1632 consumere
1276 1606 1429 1641 curam,

186 1670 239 1708 45
300 1665 381 1706 Sed
412 1666 547 1706 varias
578 1672 684 1703 artes
715 1662 897 1702 ediscant
928 1663 1082 1716 quique
1123 1665 1314 1703 scolares.

299 1739 359 1778 Sit
390 1738 501 1777 scola
531 1735 737 1785 discendi,
767 1734 957 1774 succedat
987 1751 1084 1775 cura
1132 1735 1320 1787 docendi,

300 1809 386 1849 Sub
418 1810 552 1861 specie
582 1811 678 1848 certi
708 1816 897 1847 nascetur
928 1809 1111 1861 quaestio
1143 1809 1296 1861 scripti.

297 1881 362 1921 Ad
393 1880 493 1934 quid
524 1878 778 1934 coepissem?
808 1879 878 1919 sed
910 1882 1003 1920 talia
1034 1895 1105 1920 cur
1133 1877 1419 1933 replicassem?

297 1955 360 1993 Ad
392 1953 505 2007 quod
536 1952 779 1994 solvendum
809 1953 1012 1992 scribetur
1042 1952 1153 2006 quod
1184 1951 1462 1992 referendum.

188 2035 241 2069 50
260 2009 470 2083 Namque
502 2027 566 2068 die
598 2029 776 2082 quadam
809 2036 1005 2069 consueto
1037 2041 1151 2066 more
1181 2027 1385 2079 sedebam,

298 2100 466 2152 Inspexi
498 2099 699 2151 quosdam
730 2100 962 2151 generalem
999 2111 1161 2137 sumere
1198 2113 1350 2148 curam,

302 2171 484 2211 Grandia
514 2172 717 2211 triticeum
748 2173 958 2210 cumulare
999 2185 1074 2222 per
1103 2172 1253 2211 horrea
1282 2173 1486 2217 sructum;

296 2244 394 2283 Illos
424 2252 516 2294 post
547 2251 699 2293 segetes
740 2240 904 2281 dilectas
937 2242 1067 2281 visere
1100 2243 1213 2291 vites,

297 2317 395 2355 Illos
427 2315 606 2354 collectis
636 2315 822 2352 sollertes
854 2327 940 2352 esse
971 2313 1183 2362 vehendis,

185 2393 236 2427 55
295 2388 392 2427 Non
424 2388 520 2426 solis
548 2385 781 2435 monachis,
812 2385 884 2438 qui
911 2392 1074 2423 servant
1104 2385 1260 2424 mistica
1288 2387 1398 2438 legis,

278 2493 324 2521 28
352 2495 456 2531 utque
476 2490 538 2521 sibi
569 2489 606 2522 Β.
657 2492 702 2521 29
727 2497 868 2531 qnorum
893 2488 932 2520 Α.
983 2490 1029 2519 30
1047 2491 1237 2520 commovet
1262 2489 1301 2520 B.
1351 2491 1396 2521 33
1422 2489 1541 2523 Terri-

184 2553 240 2580 tnr
267 2549 338 2581 ΑΒ.
387 2551 432 2580 36
460 2549 547 2579 ceris
575 2547 661 2579 soret
697 2547 736 2581 B.
788 2551 832 2580 37
859 2547 948 2588 quod
975 2558 1097 2581 comm.
1123 2549 1251 2591 scripto
1278 2549 1318 2582 Β.
1369 2551 1414 2582 40
1439 2560 1540 2592 prae-

183 2605 256 2637 fero
283 2606 321 2638 B.
374 2608 417 2637 43
444 2607 471 2638 si
498 2607 540 2639 oli
566 2611 617 2638 est
644 2607 683 2639 B.
743 2608 788 2639 45
815 2607 852 2639 Si
879 2607 988 2639 varias
1013 2616 1043 2640 a.
1074 2617 1103 2641 e.
1139 2608 1281 2650 qnisoue
1309 2606 1349 2640 B.
1408 2610 1454 2640 38
1477 2619 1538 2641 sen

180 2663 261 2696 tatia
287 2673 361 2696 cum
389 2664 427 2697 B.
