1721 2938
603 127 917 170 UNIBOS.

390 281 437 319 ln
472 290 746 330 personarum
778 277 962 316 dramate

393 349 490 388 Uno
526 355 736 387 cantemus
767 347 816 386 de
848 348 970 386 bove.

301 426 338 462 4.
395 422 514 462 Natis
546 427 666 458 natus
692 417 879 457 ridiculis

396 495 467 533 Est
495 491 675 531 rusticus
708 489 758 529 de
787 489 970 539 rusticis;

396 564 557 603 Natura
586 562 681 602 fecit
710 562 936 611 hominem,

392 636 471 675 Sed
507 636 674 675 fortuna
700 634 946 673 mirabilem.

303 714 342 747 5.
401 707 550 747 Gravis
583 707 656 745 fati
686 706 932 745 commercio

393 779 528 817 Boves
560 776 657 815 emit
691 789 852 827 pauper
881 776 1022 821 homo,

398 849 486 887 Sub
518 847 722 898 exemplis
753 847 952 898 agricolae

396 923 566 961 Terram
599 921 760 958 laborat
792 917 993 957 scindere.

294 1000 332 1032 6.
390 994 572 1033 Eventus
603 1004 679 1042 per
708 989 932 1029 horribiles

390 1065 616 1117 Nunquam
650 1062 762 1102 ducit
790 1061 893 1101 duos
924 1062 1064 1109 boves,

392 1137 480 1176 Nec
516 1137 636 1175 simul
665 1134 810 1187 pungit
837 1133 1004 1173 stimulo

390 1210 476 1249 Nec
511 1222 595 1248 uno
629 1207 748 1259 ponit
777 1207 854 1245 sub
881 1208 993 1256 jugo.

300 1287 339 1320 7.
398 1281 566 1320 Frustra
596 1280 805 1319 fortunam
835 1276 1000 1317 vincere

392 1352 476 1390 Sua
507 1359 632 1392 certat
661 1350 871 1402 pauperie,

390 1425 512 1463 Duro
542 1424 722 1462 fatorum
749 1421 923 1460 stamine

391 1496 527 1535 Boves
557 1492 694 1545 perdit
725 1491 903 1531 assidue.

297 1574 337 1607 8.
394 1566 560 1620 Sequax
591 1565 714 1604 unius
743 1564 786 1604 fit
819 1563 954 1612 bovis,

393 1638 625 1678 Excoriatis
665 1636 851 1688 reliquis,

394 1710 431 1748 A
461 1708 604 1748 vicinis
637 1705 869 1744 deluditur:

392 1780 512 1820 Unus
540 1779 616 1817 bos
647 1777 773 1815 miser
803 1774 964 1814 dicitur.

297 1859 334 1893 9.
391 1851 538 1891 Tristis
569 1862 658 1889 sors
688 1847 955 1899 mugientium

392 1924 549 1963 Bovem
578 1921 686 1972 rapit
717 1920 1001 1965 novissimum,

388 1998 476 2035 Jam
506 2008 572 2034 res
602 1994 740 2032 minor
767 1993 811 2031 fit
841 1991 943 2041 elegi

393 2067 581 2117 Egestate
610 2063 815 2105 vocabuli.

277 2146 342 2180 10.
400 2138 623 2178 Exinanito
653 2136 832 2184 nomine,

396 2213 606 2251 Evacuato
645 2210 824 2256 bostare,

391 2285 550 2333 Tel-gns
578 2280 760 2332 disponit
789 2276 969 2317 vendere

400 2354 622 2394 Denudato
652 2350 863 2390 cadavere.

276 2431 342 2466 11.
398 2427 559 2478 Corpus
590 2424 738 2476 linquit
768 2418 1000 2475 quadrivio,

400 2498 576 2548 Sumpto
605 2496 723 2534 bovis
749 2491 998 2544 amphibalo,

202 2660 267 2698 12,
291 2659 314 2689 2
362 2659 494 2699 pestem

1054 2712 1105 2747 23
1131 2706 1152 2730 *

1364 123 1447 165 35³
