1721 2938
107 1799 164 1832 101.
179 1798 240 1835 51³,

251 116 333 159 134

253 489 305 524 15

256 851 310 885 20

257 1210 311 1246 25

257 1573 310 1607 30

260 1929 312 1964 35

264 2289 318 2324 40

267 2651 317 2687 45

582 115 989 159 RUODLIEB
1051 115 1279 172 fragmll.

362 268 493 316 Quem
527 266 649 305 timor
681 275 750 305 aut
783 280 898 306 amor
930 282 951 305 a
983 276 1096 306 recto
1128 266 1331 307 divertere
1363 280 1534 322 quoquo

361 340 457 379 Non
489 339 530 377 in
558 336 711 388 judicio
746 337 934 378 faciendo
966 341 1160 390 praevalet
1198 341 1299 380 ullo.

361 412 514 449 Dicere
547 425 670 463 quem
703 425 778 463 pro
810 425 852 450 se
883 410 1023 451 dicunt
1055 411 1204 451 debere
1234 420 1462 466 petuntque

363 483 409 522 In
442 482 549 534 regis
581 484 686 523 velle
717 484 788 537 qui
820 482 959 524 dicens
994 485 1172 524 maxime
1207 494 1327 534 stare,

368 555 469 605 Ejus
501 556 718 595 consilium
753 558 885 596 solum
918 566 1057 596 monet
1087 571 1173 597 esse
1204 557 1476 611 sequendum.

366 627 487 668 Rex:
530 629 655 668 ‘mihi
685 629 901 668 consilium
940 630 1135 681 quoniam
1166 630 1298 669 sinitis
1326 628 1607 679 tribuendum,

366 701 509 741 Restat
547 710 592 740 ut
623 702 703 740 11110
735 702 900 742 veniant
932 702 1055 753 legati
1087 701 1276 755 dictaque
1311 701 1460 752 dicant,

367 773 507 828 thue
542 774 675 814 sciatis
708 775 758 813 ab
789 775 876 824 his,
908 775 941 813 si
972 773 1137 814 credere
1170 789 1271 814 neve
1300 775 1463 816 velitis.’

369 848 468 888 Post
501 848 576 886 hos
609 846 775 886 direxit.
834 846 1021 885 Veniunt
1051 847 1241 900 quando,
1276 849 1353 887 sibi
1389 847 1515 888 dixit:

369 919 446 959 ‘En
476 919 583 971 regis
617 920 743 960 vestri
776 918 934 957 domini
968 920 1098 958 nostri
1125 921 1191 959 vel
1223 920 1342 958 amici

369 991 523 1029 Dulcia
553 992 721 1030 narravi
749 990 845 1030 fidei
874 991 1076 1042 legamina
1105 994 1240 1043 plena,

373 1060 507 1111 Quam
539 1063 607 1116 pie
643 1063 829 1103 tractavit
863 1063 1011 1102 merito
1042 1077 1146 1116 quos
1177 1062 1350 1115 perdere
1382 1063 1527 1117 quivit.

368 1134 559 1174 Reddere
593 1137 659 1176 vel
690 1149 813 1175 sanos
842 1134 944 1173 mihi
977 1142 1119 1173 contra
1149 1148 1191 1175 se
1222 1149 1321 1174 nece
1348 1133 1516 1186 dignos!

372 1204 494 1254 Quod
528 1205 738 1247 deservire
770 1206 1046 1246 communiter
1074 1208 1150 1247 lios
1182 1206 1295 1247 decet
1326 1216 1364 1247 et
1398 1222 1476 1247 me.

368 1277 603 1318 Clementer
632 1280 753 1318 nobis
784 1278 1047 1320 demandavit
1075 1289 1135 1319 sat
1164 1280 1350 1329 honoris,

369 1350 433 1390 Sis
463 1351 498 1390 ic
533 1352 739 1403 persolvet
778 1365 852 1403 per
882 1366 957 1392 vos
987 1353 1100 1392 velut
1129 1352 1216 1403 ipse
1250 1350 1501 1404 spopondit.’

368 1422 489 1462 Dixit
515 1423 695 1474 legatus:
745 1424 855 1463 ‘non
890 1431 948 1462 est
983 1423 1039 1462 5ἰο
1073 1423 1358 1473 morigeratus,

364 1495 423 1535 Ut
453 1495 552 1548 quid
583 1497 806 1536 verborum
837 1497 967 1535 soleat
997 1503 1156 1533 mutare
1185 1509 1370 1534 suorum.

371 1567 445 1607 Est
475 1567 587 1621 quod
622 1568 678 1607 ait·
709 1582 879 1617 verum,
913 1566 1063 1605 [lictum
1095 1566 1174 1606 sibi
1204 1569 1294 1606 vult
1323 1568 1413 1606 sore
1444 1569 1614 1608 verum?

371 1640 464 1679 Rex
497 1642 570 1679 ait:
617 1639 671 1678 ‘id
703 1639 870 1692 quando
902 1640 967 1679 vel
998 1640 1069 1677 ubi
1100 1640 1189 1677 sore
1222 1640 1375 1691 possit,
1406 1641 1444 1679 ai
1473 1641 1543 1680 tu.’

371 1711 501 1761 ‘Hoc‚’
535 1711 611 1760 ait,
641 1711 714 1749 ‘est
744 1710 869 1749 vestri
894 1710 1018 1759 juris,
1046 1723 1145 1755 rex,
1175 1709 1404 1750 induciari?

370 1783 448 1821 ‘Tu
479 1791 614 1822 tamen
647 1782 775 1834 inque
804 1783 954 1830 locum,
987 1794 1069 1833 quo
1095 1781 1387 1822 conveniamus
1410 1782 1613 1832 inunum,

371 1852 428 1892 Ut
458 1867 543 1906 pax
581 1853 689 1892 inter
719 1867 795 1892 nos
826 1852 1013 1891 firmetur
1042 1853 1152 1891 inille
1183 1866 1257 1904 per
1287 1853 1446 1892 annos-⁷

374 1925 527 1965 Missus
565 1926 644 1964 ait:
702 1925 759 1963 ‘si
794 1926 853 1964 vis
887 1933 924 1964 et
964 1923 1142 1964 dominis
1173 1924 1207 1963 si
1238 1925 1371 1976 placet
1399 1925 1500 1976 istis,

373 1997 471 2037 Non
504 2005 587 2036 tam
624 2009 754 2037 nosco
800 1998 938 2036 10011111
971 1997 1116 2038 vestris
1152 1997 1426 2037 conventibus
1459 2006 1615 2050 aptum,

373 2067 553 2120 Campus
580 2075 626 2107 ut
656 2076 717 2107 est
747 2069 837 2118 ille,
885 2082 969 2122 quo
1000 2082 1076 2108 nos
1106 2068 1381 2120 pugnavimus
1414 2078 1521 2119 ante,

374 2140 486 2179 Inter
521 2141 730 2180 clausuras
765 2142 895 2180 nostri
935 2138 1143 2194 vestrique
1174 2142 1378 2193 gemellas,

378 2211 486 2252 Sunt
519 2221 564 2251 ut
594 2213 667 2252 ubi
695 2213 795 2252 victi
824 2212 950 2252 vestri
982 2213 1197 2265 nostrique
1235 2212 1439 2266 redempti

374 2286 654 2324 Dimittuntur
679 2285 738 2323 ibi
771 2285 986 2324 nobiscum
1018 2283 1244 2335 pacificati.’

378 2356 585 2398 Omnibus
615 2357 684 2396 ille
714 2358 830 2396 locus
865 2363 925 2394 est
952 2356 1066 2394 visus
1096 2353 1146 2394 ad
1176 2355 1254 2393 hoc
1284 2356 1379 2395 satis
1411 2365 1542 2409 aptus,

375 2430 557 2481 Regibus
591 2431 795 2468 ambobus
825 2428 1092 2468 conventuris
1136 2428 1365 2479 spatiosus;

376 2502 652 2556 Induciasque
681 2501 805 2541 trium
834 2499 1005 2539 laudant
1036 2498 1087 2539 ad
1119 2497 1161 2538 id
1194 2498 1530 2539 ebdomadarum.

376 2575 474 2615 Post
503 2575 604 2614 haec
633 2589 712 2614 rex
745 2573 896 2626 surgit,
925 2573 981 2613 sic
1012 2572 1316 2627 conciliumque
1351 2572 1529 2614 diremit.

379 2648 509 2701 Inque
544 2649 787 2690 caminatam
814 2661 905 2688 cum
938 2645 1078 2700 paucis
1107 2647 1138 2686 it
1165 2646 1412 2700 requietum.
