1721 2938
245 99 327 137 374

774 94 1079 139 UNIBOS.

397 395 488 431 161.

391 683 483 718 162.

391 971 484 1006 163.

390 1253 483 1293 164.

390 1545 486 1582 165.

391 1829 486 1866 166.

385 2116 479 2153 167.

386 2399 478 2435 168.

551 249 649 287 Post
681 254 922 286 nocturnam
956 248 1167 300 caliginem

550 317 760 358 Adeuntes
790 319 1029 360 uuibovem.

548 391 641 431 Viri
692 392 866 431 clamant
908 400 989 431 tres
1032 392 1207 443 pariles-t

550 464 644 503 ‘Exi
675 464 840 502 sceleste
873 463 1087 513 fraudifer,

556 533 790 576 Occidende
822 534 1043 574 crudeliter

548 607 797 646 Mactaberis
828 608 1070 646 carnaliter?

542 678 781 730 Respondet
818 677 1062 718 adversariis

552 751 634 799 Qui
664 750 879 804 quaeritur
907 753 983 790 sub
1019 749 1200 802 stipulis:

552 825 735 863 ‘Praesto
778 836 867 861 sum
899 830 1033 862 vester
1064 823 1227 870 umbos,

550 895 639 934 Vos
671 906 784 932 meos
815 892 906 933 dico
950 893 1153 934 dominos.

544 966 588 1006 Si
627 966 752 1006 vultis
786 965 1013 1006 interficere

551 1038 684 1088 Quem
718 1038 913 1091 quaeritis
945 1037 1176 1088 durissime,

547 1112 682 1151 Vobis
714 1111 920 1158 narrabo,
967 1108 1180 1164 quomodo

548 1182 690 1222 Perire
721 1182 845 1222 velim
877 1183 1027 1223 subito.

546 1252 652 1293 Sunt
681 1255 825 1294 mortis
855 1256 982 1294 multa
1011 1268 1178 1306 genera,

547 1325 689 1365 Unum
723 1326 846 1366 finem
877 1324 976 1365 dant
1016 1326 1178 1378 omnia3

547 1396 604 1436 Ut
633 1398 752 1437 vobis
786 1398 1030 1438 satisfaciam

549 1469 725 1509 Modum
756 1471 900 1510 mortis
930 1484 1031 1510 mox
1073 1470 1233 1523 eligam.

548 1540 664 1590 Quae
696 1555 808 1581 mors
836 1541 907 1581 fiat
937 1543 1117 1582 amarior

546 1616 595 1654 In
626 1613 783 1653 mundo
815 1613 900 1653 sive
943 1615 1114 1665 tristior,

546 1685 775 1739 Nunquam
805 1685 1025 1736 probastis,
1057 1684 1229 1734 domini,

546 1756 634 1795 Nec
666 1755 865 1808 probetis,
899 1754 1136 1794 dulcissimi.

546 1828 692 1866 Dicam
722 1836 860 1868 tamen
895 1826 1074 1880 pacifice,

545 1897 638 1946 Qua
665 1899 826 1938 ratione
857 1897 1032 1949 perdere

545 1970 616 2009 Me
658 1971 821 2022 possitis
852 1970 892 2008 in
923 1971 999 2009 hac
1030 1969 1096 2008 die

546 2044 630 2081 Aut
673 2056 760 2082 cras
791 2043 933 2082 futuro
974 2051 1174 2094 tempore.

537 2113 679 2165 Ligate
711 2128 775 2153 me
810 2113 860 2153 de
892 2115 1077 2164 funibus,

546 2189 630 2225 Aut
659 2186 708 2225 de
741 2188 938 2227 contortis
969 2187 1163 2236 restibus,

547 2259 594 2296 Iu
635 2259 836 2310 apotheca
866 2259 1023 2307 millite,

544 2327 593 2365 In
627 2342 708 2380 qua
739 2342 803 2367 me
834 2329 1002 2367 missum
1039 2325 1228 2366 claudite.

535 2398 572 2436 A
604 2397 731 2438 doctis
762 2399 1030 2451 carpentariis

545 2468 777 2522 Stringatur
805 2479 935 2511 tonna
964 2472 1146 2522 circulis3

543 2542 737 2582 Tonnam
768 2557 859 2582 cum
893 2557 983 2583 meo
1021 2556 1199 2596 corpore

544 2611 606 2652 Ad
641 2628 753 2654 mare
785 2627 976 2666 maguum
1009 2614 1174 2655 volvite.
