1721 2938
231 124 284 163 50
659 122 1153 165 WAL'rHARtUS.

402 277 587 328 Impetit‚
631 285 665 313 ct
704 285 818 315 scuto
854 275 998 315 dextra
1020 276 1077 333 dc
1109 285 1223 327 parte
1252 279 1416 316 revulso

405 351 531 388 Ictum
567 347 850 399 praevalidum
883 363 928 387 ac
961 348 1195 387 mirandum
1228 349 1340 395 fecii,
1379 350 1497 401 eique

307 436 358 443 *a
403 421 508 459 Crus
526 434 615 459 cum
634 421 788 471 poblite
807 419 857 459 ad
877 434 1006 473 usque
1025 421 1160 459 femur
1179 419 1438 471 decerpserat
1455 435 1590 459 omne.

239 500 342 533 1365
402 494 475 531 Ille
501 506 628 544 super
652 506 836 544 parmam
863 502 955 532 ante
980 492 1104 544 pedes
1129 507 1225 531 mox
1250 492 1425 532 concidit
1455 496 1590 543 liujus.

402 565 553 604 Palluit
587 566 805 614 exsanguis
836 563 1004 603 domino
1039 563 1246 604 recidente
1275 567 1446 604 satelles.

405 635 650 688 Alpliarides
681 645 833 687 spatam
872 637 1016 675 tollens
1048 636 1197 676 iterato
1230 646 1437 677 cruentam

405 706 587 746 Ardebat
617 708 733 758 lapso
772 714 1026 758 postremum
1058 706 1242 757 infligere
1274 709 1440 746 vulnus.

401 780 622 817 Immemor
651 786 690 817 at
723 779 881 830 proprii
909 779 1082 829 Hagano
1114 779 1176 819 vir
1213 779 1319 819 forte
1351 778 1506 818 doloris

237 853 344 889 1370
403 850 562 887 Elatum
597 857 717 899 caput
748 849 950 888 inclinans
982 850 1131 898 objecit
1167 849 1217 888 ad
1251 851 1390 889 ictum.

402 920 624 958 Extensam
659 919 851 958 cohibere
883 933 1049 957 manum
1086 933 1169 957 non
1201 922 1389 972 quiverat
1419 920 1561 964 heros;

405 991 485 1030 Sed
518 991 638 1030 cassis
672 991 896 1029 fabrefacta
928 989 997 1029 diu
1028 991 1257 1043 meliusque
1288 1000 1452 1044 peracta

403 1063 566 1114 Excipit
599 1063 819 1111 assultum,
863 1076 960 1102 mox
991 1071 1028 1102 et
1058 1062 1247 1103 scintillat
1275 1065 1317 1103 in
1351 1066 1497 1112 altum,

409 1136 536 1185 Cujus
568 1134 720 1174 duritia
750 1135 1001 1187 stupefactus
1033 1134 1176 1176 dissilit
1210 1136 1318 1176 ensis

239 1212 343 1248 1375
406 1208 514 1247 Proh
533 1206 669 1248 dolor!
701 1215 739 1248 et
756 1209 960 1261 crepitans
975 1208 1123 1261 partim
1139 1208 1366 1247 micata'ere
1383 1216 1421 1247 et
1439 1208 1591 1247 herbis.

344 1267 539 1334 Belliger
569 1292 614 1322 ut
646 1285 822 1325 frameae
853 1292 1062 1324 murcatae
1094 1283 1292 1334 fragmina
1327 1282 1450 1331 vidit,

406 1358 577 1408 Indigne
607 1359 723 1413 tulit,
763 1375 807 1399 ac
838 1360 963 1399 nimia
996 1359 1095 1397 furit
1126 1358 1277 1397 efferus
1308 1358 1392 1405 ira,

405 1432 710 1483 Impatiensque
745 1431 829 1480 sui,
870 1431 1060 1483 capulum
1092 1430 1180 1469 sine
1211 1429 1393 1482 pondere
1426 1429 1535 1478 sem-i,

404 1501 639 1549 Quamlibet
671 1504 823 1543 eximio
854 1510 1081 1555 praestaret
1111 1511 1148 1542 et
1177 1511 1263 1541 arte
1293 1503 1457 1540 metallo

242 1580 346 1613 1380
408 1576 602 1614 Protinus
632 1577 799 1626 abjecit,
840 1576 1177 1627 monimentaque
1208 1574 1338 1614 tristia
1369 1574 1551 1626 sprevit:

410 1648 491 1695 Oui
522 1648 616 1686 (lum
652 1648 758 1687 sorte
788 1661 953 1685 manum
985 1650 1063 1695 jam
1096 1647 1320 1687 enormiter
1349 1649 1592 1696 exeruisset,

407 1721 586 1759 Abstulit
613 1721 717 1759 hanc
741 1720 913 1770 Hagano
943 1728 1003 1758 sat
1029 1721 1160 1758 lactus
1188 1720 1358 1760 vulnere
1383 1728 1592 1774 prompto.

405 1793 451 1830 In
483 1791 619 1831 medio
650 1796 780 1841 jactus
813 1791 1021 1831 recidebat
1052 1791 1221 1831 dextera
1253 1793 1390 1841 sortis,

407 1863 608 1901 Gentibus
640 1877 684 1903 ac
716 1864 879 1916 populis
910 1865 1047 1902 multis
1079 1871 1266 1916 suspecta
1299 1864 1508 1916 tyrannis,

242 1940 347 1975 1385
409 1935 785 1975 Innumerabilibus
817 1951 922 1989 quae
956 1937 1125 1975 fulserat
1159 1944 1251 1975 ante
1284 1936 1508 1987 trophaeis,

411 2006 490 2046 Sed
522 2007 587 2047 vir
615 2010 883 2060 praecipuus,
924 2022 997 2047 nec
1030 2009 1172 2046 laevus
1204 2007 1346 2046 cedere
1377 2019 1550 2057 gnarus,

366 2103 376 2111 ,ι
412 2077 521 2117 Sana
550 2088 688 2118 mente
719 2090 863 2133 potens
894 2080 1026 2120 carnis
1057 2093 1251 2132 superare
1282 2078 1447 2118 dolores

313 2229 406 2260 1362
429 2227 569 2259 reuutsit
586 2227 624 2259 D.
650 2225 791 2269 depulso
807 2227 848 2261 B.
901 2229 990 2259 1363
1010 2225 1221 2269 perualidum
1238 2225 1278 2257 Α.
1303 2223 1532 2257 admirandum
1551 2225 1592 2256 D.

242 2290 333 2321 1364
355 2288 470 2329 pollite
484 2287 524 2320 D.
577 2289 667 2318 1365
689 2287 795 2330 pedes
815 2286 905 2320 cadit
926 2291 960 2319 et
980 2287 1080 2319 miser
1098 2284 1196 2327 hujus
1215 2285 1255 2318 D.
1310 2287 1400 2317 1368
1420 2289 1591 2328 postremo

239 2349 380 2389 infigere
409 2348 447 2379 t).
527 2349 616 2379 1369
642 2357 682 2380 ac
716 2346 848 2390 hagano
882 2347 1009 2390 proprii
1042 2348 1079 2379 fit
1111 2346 1198 2378 forte
1224 2345 1351 2378 doloris
1377 2346 1418 2378 Ι).
1500 2348 1593 2379 1370

240 2409 362 2441 iratum
392 2410 430 2440 Α.
473 2412 604 2440 eratum
629 2408 672 2441 D.
756 2411 841 2439 1371
880 2408 1081 2450 nequiuerat
1114 2410 1153 2441 Α.
1239 2408 1329 2438 1372
1362 2407 1512 2439 cassis-sis
1551 2407 1589 2441 B.

242 2471 409 2511 melioque
430 2469 470 2500 D.
523 2471 613 2500 1374
637 2469 825 2501 excintillat
846 2469 885 2502 D.
940 2471 1028 2500 1375
1047 2468 1117 2500 Pro
1142 2466 1182 2499 B.
1198 2467 1236 2499 D.
1269 2477 1348 2498 acer
1368 2467 1399 2498 in
1421 2465 1532 2499 herbis
1550 2466 1590 2500 D.

243 2532 332 2562 1376
361 2533 511 2562 mucrate
537 2529 579 2562 D.
631 2531 720 2562 1379
747 2528 897 2570 qualibet
923 2539 966 2561 ex
992 2528 1095 2561 nimio
1122 2532 1290 2570 prestaret
1311 2532 1382 2560 arte
1409 2527 1448 2561 t).
1502 2530 1584 2559 1381

244 2599 376 2620 manum
412 2590 513 2622 miser
548 2590 737 2622 exeruisset
770 2588 931 2623 inermem
969 2589 1010 2623 D.
1113 2591 1205 2621 1382
1241 2592 1294 2620 sat
1329 2589 1417 2621 telus
1452 2588 1591 2621 vulnere

243 2654 393 2691 promtus
422 2650 461 2682 D.
526 2652 615 2682 1383
644 2650 679 2682 ln
708 2649 886 2692 medioque
913 2650 980 2683 ictu
1010 2650 1050 2683 D.
1116 2652 1205 2681 1386
1234 2649 1317 2680 leuis
1343 2650 1380 2682 Α,
1418 2648 1522 2681 laeuis
1549 2648 1589 2680 13.
