1721 2938
263 129 346 169 355

787 124 1084 166 UNtssos.

449 722 513 756 13.

445 1009 505 1043 14.

447 1298 511 1332 15.

444 1585 508 1620 16.

449 2157 515 2192 18.

449 2440 512 2474 19.

563 281 698 331 Super
728 280 902 326 jumenti
930 280 1116 320 sellulam

566 354 689 394 Ponit
719 354 825 393 vitae
859 352 1064 393 fiduciam.

566 428 630 467 Ad
663 429 798 465 forum
838 425 1080 477 postliminii

565 499 691 538 Bovis
720 499 799 537 fert
827 498 977 550 pellem
1010 499 1174 548 mortui,

568 571 664 611 Nou
697 569 830 610 tardat
861 583 903 609 se
933 583 1008 622 per
1038 578 1198 610 sanctas

567 643 679 681 Dum
715 642 882 681 festinat
910 640 960 680 ad
992 642 1213 680 nundinas.

572 713 652 754 Sed
689 722 733 753 ut
764 714 890 753 intrat
918 715 1148 765 emporium

572 786 685 826 Facit
716 787 858 825 venale
893 786 1063 834 corium,

565 858 687 906 Quod
720 866 837 909 putat
869 859 1007 907 magni
1044 859 1166 908 pretii

563 932 674 969 Sicut
707 930 894 969 decorem
927 929 1054 981 pallii.

564 1003 788 1053 Partieipcs
819 1000 1054 1041 commercii

566 1075 843 1132 Capacitatem
877 1074 979 1113 corii

565 1147 722 1187 Pedum
754 1155 997 1186 mensurant
1027 1144 1214 1184 terminis

569 1219 768 1259 Sutorum
799 1218 1059 1258 testimoniis.

570 1291 806 1331 Unibovem
848 1290 986 1329 nullus
1014 1292 1144 1339 juvat,

569 1364 692 1404 Solus
726 1363 876 1414 pellem
913 1360 1155 1413 magnificat,

566 1437 646 1476 Pro
678 1435 857 1474 nummis
890 1442 983 1474 octo
1013 1433 1194 1473 tunicam

569 1509 695 1548 Bovis
731 1508 903 1557 largitur
935 1505 1159 1546 sordidam.

567 1581 664 1619 Post
694 1579 901 1630 expletum
940 1575 1232 1616 commercium

565 1650 760 1691 Ascendit
793 1654 1023 1699 jumentum
1052 1661 1188 1694 suum,

568 1725 760 1763 Distento
794 1730 936 1761 ventre
966 1718 1191 1771 turgidum,

567 1796 809 1835 Retrorsnm
841 1792 1041 1833 vertendo
1069 1791 1254 1843 gradum.

503 1895 511 1905 .
570 1868 710 1907 Unum
745 1868 900 1905 habens
932 1873 1170 1916 argenteum

570 1940 700 1978 Intrat
730 1940 868 1978 lucum
903 1936 1193 1984 frondiferum,

571 2008 655 2057 Qui
688 2009 785 2048 dum
817 2009 971 2048 ventris
1000 2015 1147 2059 purgat
1181 2006 1325 2045 limum

568 2080 839 2119 Numnmtum
869 2079 995 2116 trahit
1028 2078 1235 2115 meritum.

571 2152 709 2190 Anum
745 2150 842 2189 dum
875 2158 1002 2190 certat
1031 2158 1202 2199 tergere,

573 2223 758 2261 Herbam
790 2222 957 2262 festinat
985 2234 1192 2273 rumpere,

572 2293 655 2333 Sed
684 2295 854 2332 herbam
883 2294 1040 2334 vellens
1069 2292 1251 2343 repperit

575 2362 696 2411 Quod
731 2377 828 2414 gens
857 2378 981 2403 avara
1013 2362 1155 2413 diligit.

570 2436 635 2474 De
667 2436 843 2475 nummis
871 2444 953 2474 tres
980 2434 1181 2474 sextarios

573 2509 677 2547 Mox
710 2507 881 2547 offendit
911 2506 1186 2553 absconditos,

577 2577 692 2626 Quos
720 2580 761 2617 in
796 2578 981 2619 flaccenti
1008 2579 1170 2618 sacculo

572 2651 695 2692 Ponit
723 2665 819 2691 mox
852 2652 957 2691 facto
985 2648 1163 2701 turgido.
