<?xml version="1.0" encoding="UTF-8"?>
<!DOCTYPE html PUBLIC "-//W3C//DTD XHTML 1.0 Transitional//EN"
    "http://www.w3.org/TR/xhtml1/DTD/xhtml1-transitional.dtd">
<html xmlns="http://www.w3.org/1999/xhtml" xml:lang="en" lang="en">
 <head>
  <title>
</title>
<meta http-equiv="Content-Type" content="text/html;charset=utf-8" />
  <meta name='ocr-system' content='tesseract 3.04.00' />
  <meta name='ocr-capabilities' content='ocr_page ocr_carea ocr_par ocr_line ocrx_word'/>
</head>
<body>
  <div class='ocr_page' id='page_1' title='image "./lateinischegedic00grimuoft_0317.png"; bbox 0 0 1721 2938; ppageno 0'>
   <div class='ocr_carea' id='block_1_1' title="bbox 124 541 205 579">
    <p class='ocr_par' dir='ltr' id='par_1_1' title="bbox 124 541 205 579">
     <span class='ocr_line' id='line_1_1' title="bbox 124 541 205 579; baseline -0.012 0"><span class='ocrx_word' id='word_1_1' title='bbox 124 541 205 579; x_wconf 78' lang='lat'><strong>540</strong></span> 
     </span>
    </p>
   </div>
   <div class='ocr_carea' id='block_1_2' title="bbox 119 902 200 941">
    <p class='ocr_par' dir='ltr' id='par_1_2' title="bbox 119 902 200 941">
     <span class='ocr_line' id='line_1_2' title="bbox 119 902 200 941; baseline 0 0"><span class='ocrx_word' id='word_1_2' title='bbox 119 902 200 941; x_wconf 77' lang='grc'><strong>545</strong></span> 
     </span>
    </p>
   </div>
   <div class='ocr_carea' id='block_1_3' title="bbox 119 1264 202 1301">
    <p class='ocr_par' dir='ltr' id='par_1_3' title="bbox 119 1264 202 1301">
     <span class='ocr_line' id='line_1_3' title="bbox 119 1264 202 1301; baseline 0 -1"><span class='ocrx_word' id='word_1_3' title='bbox 119 1264 202 1301; x_wconf 91' lang='grc'><strong>550</strong></span> 
     </span>
    </p>
   </div>
   <div class='ocr_carea' id='block_1_4' title="bbox 119 1699 202 1735">
    <p class='ocr_par' dir='ltr' id='par_1_4' title="bbox 119 1699 202 1735">
     <span class='ocr_line' id='line_1_4' title="bbox 119 1699 202 1735; baseline 0.012 -1"><span class='ocrx_word' id='word_1_4' title='bbox 119 1699 202 1735; x_wconf 88' lang='grc'><strong>555</strong></span> 
     </span>
    </p>
   </div>
   <div class='ocr_carea' id='block_1_5' title="bbox 641 101 1480 149">
    <p class='ocr_par' dir='ltr' id='par_1_5' title="bbox 641 101 1480 149">
     <span class='ocr_line' id='line_1_5' title="bbox 641 101 1480 149; baseline 0.004 -6"><span class='ocrx_word' id='word_1_5' title='bbox 641 101 985 144; x_wconf 80' lang='lat' dir='ltr'>ECBASIS.</span> <span class='ocrx_word' id='word_1_6' title='bbox 1399 106 1480 149; x_wconf 79' lang='lat'><strong>261</strong></span> 
     </span>
    </p>
   </div>
   <div class='ocr_carea' id='block_1_6' title="bbox 262 253 1477 594">
    <p class='ocr_par' dir='ltr' id='par_1_6' title="bbox 268 253 1343 308">
     <span class='ocr_line' id='line_1_6' title="bbox 268 253 1343 308; baseline -0.001 -14"><span class='ocrx_word' id='word_1_7' title='bbox 268 254 312 294; x_wconf 87' lang='lat' dir='ltr'><strong>Si</strong></span> <span class='ocrx_word' id='word_1_8' title='bbox 343 253 442 308; x_wconf 85' lang='lat' dir='ltr'><strong>quid</strong></span> <span class='ocrx_word' id='word_1_9' title='bbox 475 263 512 294; x_wconf 87' lang='lat' dir='ltr'><strong>et</strong></span> <span class='ocrx_word' id='word_1_10' title='bbox 544 253 710 304; x_wconf 86' lang='lat' dir='ltr'><strong>utilius,</strong></span> <span class='ocrx_word' id='word_1_11' title='bbox 741 267 879 294; x_wconf 84' lang='lat' dir='ltr'><strong>carum</strong></span> <span class='ocrx_word' id='word_1_12' title='bbox 913 253 1015 292; x_wconf 79' lang='lat' dir='ltr'><strong>ferat</strong></span> <span class='ocrx_word' id='word_1_13' title='bbox 1046 253 1120 292; x_wconf 88' lang='lat' dir='ltr'><strong>iste</strong></span> <span class='ocrx_word' id='word_1_14' title='bbox 1152 254 1343 293; x_wconf 88' lang='lat' dir='ltr'><strong>senatus.&#39;</strong></span> 
     </span>
    </p>

    <p class='ocr_par' dir='ltr' id='par_1_7' title="bbox 271 324 1477 450">
     <span class='ocr_line' id='line_1_7' title="bbox 271 324 1477 379; baseline -0.002 -14"><span class='ocrx_word' id='word_1_15' title='bbox 271 325 532 377; x_wconf 87' lang='lat' dir='ltr'><strong>Collaudant,</strong></span> <span class='ocrx_word' id='word_1_16' title='bbox 557 336 820 375; x_wconf 82' lang='lat' dir='ltr'><strong>venerantur⁷</strong></span> <span class='ocrx_word' id='word_1_17' title='bbox 846 333 982 365; x_wconf 87' lang='lat' dir='ltr'><strong>amant</strong></span> <span class='ocrx_word' id='word_1_18' title='bbox 1002 333 1039 364; x_wconf 85' lang='lat' dir='ltr'><strong>et</strong></span> <span class='ocrx_word' id='word_1_19' title='bbox 1058 324 1177 364; x_wconf 82' lang='lat' dir='ltr'><strong>laude</strong></span> <span class='ocrx_word' id='word_1_20' title='bbox 1201 326 1477 379; x_wconf 78' lang='lat' dir='ltr'><strong>frequentant.</strong></span> 
     </span>
     <span class='ocr_line' id='line_1_8' title="bbox 548 398 877 450; baseline -0.006 -12"><span class='ocrx_word' id='word_1_21' title='bbox 548 398 550 400; x_wconf 17' lang='lat' dir='ltr'>V</span> <span class='ocrx_word' id='word_1_22' title='bbox 719 400 877 450; x_wconf 69' lang='lat' dir='ltr'><strong>vulpes,</strong></span> 
     </span>
    </p>

    <p class='ocr_par' dir='ltr' id='par_1_8' title="bbox 262 467 1336 521">
     <span class='ocr_line' id='line_1_9' title="bbox 262 467 1336 521; baseline 0.002 -15"><span class='ocrx_word' id='word_1_23' title='bbox 262 467 413 507; x_wconf 84' lang='lat' dir='ltr'><strong>‘Esurit</strong></span> <span class='ocrx_word' id='word_1_24' title='bbox 446 477 646 519; x_wconf 84' lang='lat' dir='ltr'><strong>aegrotus,</strong></span> <span class='ocrx_word' id='word_1_25' title='bbox 676 470 874 521; x_wconf 86' lang='lat' dir='ltr'><strong>languore</strong></span> <span class='ocrx_word' id='word_1_26' title='bbox 908 469 1098 521; x_wconf 72' lang='lat' dir='ltr'><strong>{anteque</strong></span> <span class='ocrx_word' id='word_1_27' title='bbox 1129 477 1336 520; x_wconf 84' lang='lat' dir='ltr'><strong>gravatur,</strong></span> 
     </span>
    </p>

    <p class='ocr_par' dir='ltr' id='par_1_9' title="bbox 263 539 1419 594">
     <span class='ocr_line' id='line_1_10' title="bbox 263 539 1419 594; baseline 0.003 -16"><span class='ocrx_word' id='word_1_28' title='bbox 263 539 505 591; x_wconf 81' lang='lat' dir='ltr'>Languidus</span> <span class='ocrx_word' id='word_1_29' title='bbox 535 541 576 579; x_wconf 90' lang='lat' dir='ltr'><strong>in</strong></span> <span class='ocrx_word' id='word_1_30' title='bbox 611 542 793 582; x_wconf 86' lang='lat' dir='ltr'><strong>cubitum</strong></span> <span class='ocrx_word' id='word_1_31' title='bbox 827 541 905 592; x_wconf 87' lang='lat' dir='ltr'><strong>jam</strong></span> <span class='ocrx_word' id='word_1_32' title='bbox 936 555 978 580; x_wconf 93' lang='lat' dir='ltr'><strong>se</strong></span> <span class='ocrx_word' id='word_1_33' title='bbox 1017 540 1192 582; x_wconf 84' lang='lat' dir='ltr'><strong>conviva</strong></span> <span class='ocrx_word' id='word_1_34' title='bbox 1221 551 1419 594; x_wconf 72' lang='lat' dir='ltr'><strong>reponat,</strong></span> 
     </span>
    </p>
   </div>
   <div class='ocr_carea' id='block_1_7' title="bbox 262 611 1418 665">
    <p class='ocr_par' dir='ltr' id='par_1_10' title="bbox 212 611 1418 665">
     <span class='ocr_line' id='line_1_11' title="bbox 262 611 1418 665; baseline 0.002 -12.917"><span class='ocrx_word' id='word_1_35' title='bbox 262 613 464 653; x_wconf 81' lang='lat' dir='ltr'><strong>Vescatur</strong></span> <span class='ocrx_word' id='word_1_36' title='bbox 506 611 709 663; x_wconf 89' lang='lat' dir='ltr'><strong>dominus,</strong></span> <span class='ocrx_word' id='word_1_37' title='bbox 756 612 998 653; x_wconf 82' lang='lat' dir='ltr'><strong>monachilis</strong></span> <span class='ocrx_word' id='word_1_38' title='bbox 1030 626 1135 665; x_wconf 86' lang='lat' dir='ltr'><strong>quae</strong></span> <span class='ocrx_word' id='word_1_39' title='bbox 1165 614 1276 653; x_wconf 88' lang='lat' dir='ltr'><strong>vehit</strong></span> <span class='ocrx_word' id='word_1_40' title='bbox 1310 628 1418 663; x_wconf 88' lang='lat' dir='ltr'><strong>usus,</strong></span> 
     </span>
    </p>
   </div>
   <div class='ocr_carea' id='block_1_8' title="bbox 256 685 1472 1962">
    <p class='ocr_par' dir='ltr' id='par_1_11' title="bbox 260 685 1251 735">
     <span class='ocr_line' id='line_1_12' title="bbox 260 685 1251 735; baseline -0.001 -11"><span class='ocrx_word' id='word_1_41' title='bbox 260 687 398 734; x_wconf 89' lang='lat' dir='ltr'><strong>Pane,</strong></span> <span class='ocrx_word' id='word_1_42' title='bbox 433 686 558 735; x_wconf 83' lang='lat' dir='ltr'><strong>sabis,</strong></span> <span class='ocrx_word' id='word_1_43' title='bbox 592 686 715 726; x_wconf 85' lang='lat' dir='ltr'><strong>variis</strong></span> <span class='ocrx_word' id='word_1_44' title='bbox 747 686 885 724; x_wconf 83' lang='lat' dir='ltr'><strong>herbis</strong></span> <span class='ocrx_word' id='word_1_45' title='bbox 916 685 1062 724; x_wconf 86' lang='lat' dir='ltr'><strong>tellure</strong></span> <span class='ocrx_word' id='word_1_46' title='bbox 1094 685 1251 735; x_wconf 85' lang='lat' dir='ltr'><strong>creatis,</strong></span> 
     </span>
    </p>

    <p class='ocr_par' dir='ltr' id='par_1_12' title="bbox 261 757 1417 807">
     <span class='ocr_line' id='line_1_13' title="bbox 261 757 1417 807; baseline 0.001 -10"><span class='ocrx_word' id='word_1_47' title='bbox 261 758 423 805; x_wconf 89' lang='lat' dir='ltr'><strong>Pomis,</strong></span> <span class='ocrx_word' id='word_1_48' title='bbox 452 759 576 807; x_wconf 86' lang='lat' dir='ltr'><strong>lacte,</strong></span> <span class='ocrx_word' id='word_1_49' title='bbox 608 772 737 805; x_wconf 77' lang='lat' dir='ltr'><strong>mero,</strong></span> <span class='ocrx_word' id='word_1_50' title='bbox 771 758 910 806; x_wconf 87' lang='lat' dir='ltr'><strong>caseis,</strong></span> <span class='ocrx_word' id='word_1_51' title='bbox 943 758 1040 805; x_wconf 86' lang='lat' dir='ltr'><strong>sale,</strong></span> <span class='ocrx_word' id='word_1_52' title='bbox 1071 758 1190 796; x_wconf 89' lang='lat' dir='ltr'><strong>melle</strong></span> <span class='ocrx_word' id='word_1_53' title='bbox 1223 766 1262 797; x_wconf 89' lang='lat' dir='ltr'><strong>et</strong></span> <span class='ocrx_word' id='word_1_54' title='bbox 1293 757 1417 806; x_wconf 86' lang='lat' dir='ltr'><strong>olivo,</strong></span> 
     </span>
    </p>

    <p class='ocr_par' dir='ltr' id='par_1_13' title="bbox 258 828 1323 882">
     <span class='ocr_line' id='line_1_14' title="bbox 258 828 1323 882; baseline 0.002 -16"><span class='ocrx_word' id='word_1_55' title='bbox 258 829 444 867; x_wconf 82' lang='lat' dir='ltr'><strong>Piscibus</strong></span> <span class='ocrx_word' id='word_1_56' title='bbox 475 837 514 867; x_wconf 89' lang='lat' dir='ltr'><strong>et</strong></span> <span class='ocrx_word' id='word_1_57' title='bbox 544 830 662 881; x_wconf 87' lang='lat' dir='ltr'><strong>panis</strong></span> <span class='ocrx_word' id='word_1_58' title='bbox 695 828 824 879; x_wconf 85' lang='lat' dir='ltr'><strong>tortis,</strong></span> <span class='ocrx_word' id='word_1_59' title='bbox 859 828 1082 882; x_wconf 79' lang='lat' dir='ltr'>calidisque</span> <span class='ocrx_word' id='word_1_60' title='bbox 1113 830 1323 881; x_wconf 85' lang='lat' dir='ltr'><strong>placentis,</strong></span> 
     </span>
    </p>

    <p class='ocr_par' dir='ltr' id='par_1_14' title="bbox 259 900 1321 954">
     <span class='ocr_line' id='line_1_15' title="bbox 259 900 1321 954; baseline 0.001 -14"><span class='ocrx_word' id='word_1_61' title='bbox 259 900 487 952; x_wconf 86' lang='lat' dir='ltr'><strong>Pinguibus</strong></span> <span class='ocrx_word' id='word_1_62' title='bbox 512 910 548 940; x_wconf 89' lang='lat' dir='ltr'><strong>et</strong></span> <span class='ocrx_word' id='word_1_63' title='bbox 578 901 679 949; x_wconf 90' lang='lat' dir='ltr'><strong>ficis,</strong></span> <span class='ocrx_word' id='word_1_64' title='bbox 714 901 888 950; x_wconf 86' lang='lat' dir='ltr'><strong>bolletis‚</strong></span> <span class='ocrx_word' id='word_1_65' title='bbox 921 916 993 941; x_wconf 89' lang='lat' dir='ltr'><strong>nec</strong></span> <span class='ocrx_word' id='word_1_66' title='bbox 1027 901 1115 941; x_wconf 86' lang='lat' dir='ltr'><strong>sine</strong></span> <span class='ocrx_word' id='word_1_67' title='bbox 1148 901 1321 954; x_wconf 84' lang='lat' dir='ltr'><strong>mergis3</strong></span> 
     </span>
    </p>

    <p class='ocr_par' dir='ltr' id='par_1_15' title="bbox 262 970 1060 1023">
     <span class='ocr_line' id='line_1_16' title="bbox 262 970 1060 1023; baseline 0.001 -12"><span class='ocrx_word' id='word_1_68' title='bbox 262 972 404 1023; x_wconf 83' lang='lat' dir='ltr'>Regali</span> <span class='ocrx_word' id='word_1_69' title='bbox 435 970 545 1012; x_wconf 88' lang='lat' dir='ltr'><strong>disco</strong></span> <span class='ocrx_word' id='word_1_70' title='bbox 573 975 768 1023; x_wconf 88' lang='lat' dir='ltr'><strong>jungatur</strong></span> <span class='ocrx_word' id='word_1_71' title='bbox 797 973 927 1012; x_wconf 82' lang='lat' dir='ltr'><strong>sturio</strong></span> <span class='ocrx_word' id='word_1_72' title='bbox 960 981 1060 1022; x_wconf 88' lang='lat' dir='ltr'><strong>ceto,</strong></span> 
     </span>
    </p>

    <p class='ocr_par' dir='ltr' id='par_1_16' title="bbox 265 1042 1469 1099">
     <span class='ocr_line' id='line_1_17' title="bbox 265 1042 1469 1099; baseline -0.002 -16"><span class='ocrx_word' id='word_1_73' title='bbox 265 1042 386 1092; x_wconf 86' lang='lat' dir='ltr'><strong>Quod</strong></span> <span class='ocrx_word' id='word_1_74' title='bbox 403 1044 716 1084; x_wconf 83' lang='lat' dir='ltr'><strong>vomuitJonam</strong></span> <span class='ocrx_word' id='word_1_75' title='bbox 746 1046 931 1097; x_wconf 80' lang='lat' dir='ltr'>refugam</span> <span class='ocrx_word' id='word_1_76' title='bbox 946 1054 1231 1099; x_wconf 88' lang='lat' dir='ltr'><strong>moestumque</strong></span> <span class='ocrx_word' id='word_1_77' title='bbox 1255 1044 1469 1098; x_wconf 51' lang='lat' dir='ltr'><strong>profetanr</strong></span> 
     </span>
    </p>

    <p class='ocr_par' dir='ltr' id='par_1_17' title="bbox 261 1116 1199 1168">
     <span class='ocr_line' id='line_1_18' title="bbox 261 1116 1199 1168; baseline 0.002 -14"><span class='ocrx_word' id='word_1_78' title='bbox 261 1116 396 1156; x_wconf 84' lang='lat' dir='ltr'><strong>Dulce</strong></span> <span class='ocrx_word' id='word_1_79' title='bbox 428 1117 629 1168; x_wconf 79' lang='lat' dir='ltr'><strong>saporatiS</strong></span> <span class='ocrx_word' id='word_1_80' title='bbox 660 1125 856 1157; x_wconf 76' lang='lat' dir='ltr'><strong>oneretur</strong></span> <span class='ocrx_word' id='word_1_81' title='bbox 881 1118 1014 1158; x_wconf 87' lang='lat' dir='ltr'><strong>discus</strong></span> <span class='ocrx_word' id='word_1_82' title='bbox 1045 1118 1199 1156; x_wconf 86' lang='lat' dir='ltr'><strong>herilis.</strong></span> 
     </span>
    </p>

    <p class='ocr_par' dir='ltr' id='par_1_18' title="bbox 258 1186 1360 1242">
     <span class='ocr_line' id='line_1_19' title="bbox 258 1186 1360 1242; baseline -0.001 -14"><span class='ocrx_word' id='word_1_83' title='bbox 258 1189 488 1242; x_wconf 85' lang='lat' dir='ltr'><strong>Praecipiat</strong></span> <span class='ocrx_word' id='word_1_84' title='bbox 517 1189 735 1239; x_wconf 85' lang='lat' dir='ltr'><strong>dominus,</strong></span> <span class='ocrx_word' id='word_1_85' title='bbox 779 1198 822 1229; x_wconf 91' lang='lat' dir='ltr'><strong>ut</strong></span> <span class='ocrx_word' id='word_1_86' title='bbox 853 1191 1000 1231; x_wconf 87' lang='lat' dir='ltr'><strong>serviat</strong></span> <span class='ocrx_word' id='word_1_87' title='bbox 1029 1190 1095 1228; x_wconf 89' lang='lat' dir='ltr'><strong>hic</strong></span> <span class='ocrx_word' id='word_1_88' title='bbox 1125 1186 1360 1241; x_wconf 84' lang='lat' dir='ltr'><strong>leopardus,</strong></span> 
     </span>
    </p>

    <p class='ocr_par' dir='ltr' id='par_1_19' title="bbox 261 1259 1307 1313">
     <span class='ocr_line' id='line_1_20' title="bbox 261 1259 1307 1313; baseline -0.002 -13"><span class='ocrx_word' id='word_1_89' title='bbox 261 1259 459 1312; x_wconf 87' lang='lat' dir='ltr'><strong>Suggerat</strong></span> <span class='ocrx_word' id='word_1_90' title='bbox 493 1261 699 1312; x_wconf 86' lang='lat' dir='ltr'><strong>impensas</strong></span> <span class='ocrx_word' id='word_1_91' title='bbox 732 1269 860 1313; x_wconf 88' lang='lat' dir='ltr'><strong>ponto</strong></span> <span class='ocrx_word' id='word_1_92' title='bbox 893 1269 929 1300; x_wconf 85' lang='lat' dir='ltr'><strong>et</strong></span> <span class='ocrx_word' id='word_1_93' title='bbox 963 1262 1107 1300; x_wconf 86' lang='lat' dir='ltr'><strong>tellure</strong></span> <span class='ocrx_word' id='word_1_94' title='bbox 1139 1268 1307 1307; x_wconf 84' lang='lat' dir='ltr'><strong>creatas,</strong></span> 
     </span>
    </p>

    <p class='ocr_par' dir='ltr' id='par_1_20' title="bbox 258 1331 1417 1457">
     <span class='ocr_line' id='line_1_21' title="bbox 258 1331 1417 1387; baseline -0.003 -13"><span class='ocrx_word' id='word_1_95' title='bbox 258 1335 340 1374; x_wconf 81' lang='lat' dir='ltr'><strong>Vel</strong></span> <span class='ocrx_word' id='word_1_96' title='bbox 368 1348 473 1387; x_wconf 63' lang='lat' dir='ltr'><strong>quae</strong></span> <span class='ocrx_word' id='word_1_97' title='bbox 512 1333 684 1383; x_wconf 87' lang='lat' dir='ltr'><strong>judaicis</strong></span> <span class='ocrx_word' id='word_1_98' title='bbox 722 1334 907 1384; x_wconf 81' lang='lat' dir='ltr'><strong>fragrant</strong></span> <span class='ocrx_word' id='word_1_99' title='bbox 940 1335 1044 1373; x_wconf 84' lang='lat' dir='ltr'><strong>bene</strong></span> <span class='ocrx_word' id='word_1_100' title='bbox 1077 1331 1230 1373; x_wconf 83' lang='lat' dir='ltr'><strong>credita</strong></span> <span class='ocrx_word' id='word_1_101' title='bbox 1261 1332 1417 1384; x_wconf 60' lang='lat' dir='ltr'><strong>capsis!</strong></span> 
     </span>
     <span class='ocr_line' id='line_1_22' title="bbox 676 1404 912 1457; baseline -0.008 -14"><span class='ocrx_word' id='word_1_102' title='bbox 676 1405 740 1445; x_wconf 93' lang='lat' dir='ltr'><strong>leo</strong></span> <span class='ocrx_word' id='word_1_103' title='bbox 785 1404 912 1457; x_wconf 83' lang='lat' dir='ltr'><strong>vulpi.</strong></span> 
     </span>
    </p>

    <p class='ocr_par' dir='ltr' id='par_1_21' title="bbox 259 1475 1400 1529">
     <span class='ocr_line' id='line_1_23' title="bbox 259 1475 1400 1529; baseline -0.004 -12"><span class='ocrx_word' id='word_1_104' title='bbox 259 1478 338 1517; x_wconf 81' lang='lat' dir='ltr'><strong>‘Tu</strong></span> <span class='ocrx_word' id='word_1_105' title='bbox 369 1476 541 1529; x_wconf 85' lang='lat' dir='ltr'><strong>dispone</strong></span> <span class='ocrx_word' id='word_1_106' title='bbox 573 1475 767 1529; x_wconf 85' lang='lat' dir='ltr'><strong>domum,</strong></span> <span class='ocrx_word' id='word_1_107' title='bbox 799 1491 849 1516; x_wconf 90' lang='lat' dir='ltr'><strong>ne</strong></span> <span class='ocrx_word' id='word_1_108' title='bbox 881 1478 972 1529; x_wconf 83' lang='lat' dir='ltr'><strong>quis</strong></span> <span class='ocrx_word' id='word_1_109' title='bbox 1000 1476 1186 1517; x_wconf 84' lang='lat' dir='ltr'><strong>sollicitet</strong></span> <span class='ocrx_word' id='word_1_110' title='bbox 1221 1489 1400 1527; x_wconf 83' lang='lat' dir='ltr'><strong>aegrum,</strong></span> 
     </span>
    </p>

    <p class='ocr_par' dir='ltr' id='par_1_22' title="bbox 259 1548 1472 1603">
     <span class='ocr_line' id='line_1_24' title="bbox 259 1548 1472 1603; baseline -0.003 -12"><span class='ocrx_word' id='word_1_111' title='bbox 259 1550 346 1591; x_wconf 91' lang='lat' dir='ltr'><strong>Nec</strong></span> <span class='ocrx_word' id='word_1_112' title='bbox 381 1550 599 1603; x_wconf 82' lang='lat' dir='ltr'><strong>quisquam</strong></span> <span class='ocrx_word' id='word_1_113' title='bbox 631 1557 776 1590; x_wconf 86' lang='lat' dir='ltr'><strong>noceat</strong></span> <span class='ocrx_word' id='word_1_114' title='bbox 809 1548 959 1601; x_wconf 87' lang='lat' dir='ltr'><strong>cupido</strong></span> <span class='ocrx_word' id='word_1_115' title='bbox 991 1549 1090 1588; x_wconf 78' lang='lat' dir='ltr'><strong>mihi</strong></span> <span class='ocrx_word' id='word_1_116' title='bbox 1121 1549 1253 1601; x_wconf 85' lang='lat' dir='ltr'><strong>pacis,</strong></span> <span class='ocrx_word' id='word_1_117' title='bbox 1298 1557 1334 1587; x_wconf 91' lang='lat' dir='ltr'><strong>et</strong></span> <span class='ocrx_word' id='word_1_118' title='bbox 1366 1548 1472 1587; x_wconf 85' lang='lat' dir='ltr'><strong>ultra</strong></span> 
     </span>
    </p>

    <p class='ocr_par' dir='ltr' id='par_1_23' title="bbox 256 1621 1416 1675">
     <span class='ocr_line' id='line_1_25' title="bbox 256 1621 1416 1675; baseline -0.004 -13"><span class='ocrx_word' id='word_1_119' title='bbox 256 1624 321 1662; x_wconf 91' lang='lat' dir='ltr'><strong>De</strong></span> <span class='ocrx_word' id='word_1_120' title='bbox 351 1637 469 1674; x_wconf 90' lang='lat' dir='ltr'><strong>grege</strong></span> <span class='ocrx_word' id='word_1_121' title='bbox 501 1631 727 1662; x_wconf 87' lang='lat' dir='ltr'><strong>conventus</strong></span> <span class='ocrx_word' id='word_1_122' title='bbox 757 1637 839 1662; x_wconf 88' lang='lat' dir='ltr'><strong>non</strong></span> <span class='ocrx_word' id='word_1_123' title='bbox 875 1623 943 1665; x_wconf 74' lang='lat' dir='ltr'><strong>sit,</strong></span> <span class='ocrx_word' id='word_1_124' title='bbox 985 1622 1057 1675; x_wconf 85' lang='lat' dir='ltr'><strong>qui</strong></span> <span class='ocrx_word' id='word_1_125' title='bbox 1087 1622 1264 1661; x_wconf 74' lang='lat' dir='ltr'><strong>calcitret</strong></span> <span class='ocrx_word' id='word_1_126' title='bbox 1298 1621 1416 1669; x_wconf 83' lang='lat' dir='ltr'><strong>ullus,</strong></span> 
     </span>
    </p>

    <p class='ocr_par' dir='ltr' id='par_1_24' title="bbox 263 1691 1359 1743">
     <span class='ocr_line' id='line_1_26' title="bbox 263 1691 1359 1743; baseline -0.004 -10"><span class='ocrx_word' id='word_1_127' title='bbox 263 1693 346 1743; x_wconf 88' lang='lat' dir='ltr'><strong>Qui</strong></span> <span class='ocrx_word' id='word_1_128' title='bbox 376 1702 414 1733; x_wconf 90' lang='lat' dir='ltr'><strong>te</strong></span> <span class='ocrx_word' id='word_1_129' title='bbox 450 1693 694 1742; x_wconf 90' lang='lat' dir='ltr'><strong>commovit,</strong></span> <span class='ocrx_word' id='word_1_130' title='bbox 738 1693 882 1732; x_wconf 83' lang='lat' dir='ltr'><strong>melius</strong></span> <span class='ocrx_word' id='word_1_131' title='bbox 915 1705 998 1730; x_wconf 91' lang='lat' dir='ltr'><strong>non</strong></span> <span class='ocrx_word' id='word_1_132' title='bbox 1031 1701 1196 1743; x_wconf 84' lang='lat' dir='ltr'><strong>tangere</strong></span> <span class='ocrx_word' id='word_1_133' title='bbox 1228 1691 1359 1740; x_wconf 82' lang='lat' dir='ltr'><strong>scibit,</strong></span> 
     </span>
    </p>

    <p class='ocr_par' dir='ltr' id='par_1_25' title="bbox 260 1764 1250 1817">
     <span class='ocr_line' id='line_1_27' title="bbox 260 1764 1250 1817; baseline -0.004 -12"><span class='ocrx_word' id='word_1_134' title='bbox 260 1767 449 1805; x_wconf 80' lang='lat' dir='ltr'><strong>Verbere</strong></span> <span class='ocrx_word' id='word_1_135' title='bbox 481 1774 669 1805; x_wconf 87' lang='lat' dir='ltr'><strong>contorto</strong></span> <span class='ocrx_word' id='word_1_136' title='bbox 703 1774 789 1805; x_wconf 93' lang='lat' dir='ltr'><strong>toto</strong></span> <span class='ocrx_word' id='word_1_137' title='bbox 825 1764 1089 1817; x_wconf 83' lang='lat' dir='ltr'><strong>torquebitur</strong></span> <span class='ocrx_word' id='word_1_138' title='bbox 1119 1771 1250 1802; x_wconf 88' lang='lat' dir='ltr'><strong>antro.</strong></span> 
     </span>
    </p>

    <p class='ocr_par' dir='ltr' id='par_1_26' title="bbox 259 1835 1383 1888">
     <span class='ocr_line' id='line_1_28' title="bbox 259 1835 1383 1888; baseline -0.004 -12"><span class='ocrx_word' id='word_1_139' title='bbox 259 1836 377 1876; x_wconf 84' lang='lat' dir='ltr'><strong>Colla</strong></span> <span class='ocrx_word' id='word_1_140' title='bbox 409 1838 683 1888; x_wconf 86' lang='lat' dir='ltr'><strong>superborum</strong></span> <span class='ocrx_word' id='word_1_141' title='bbox 715 1835 869 1875; x_wconf 84' lang='lat' dir='ltr'><strong>discent</strong></span> <span class='ocrx_word' id='word_1_142' title='bbox 901 1849 1006 1888; x_wconf 84' lang='lat' dir='ltr'><strong>quae</strong></span> <span class='ocrx_word' id='word_1_143' title='bbox 1037 1848 1172 1886; x_wconf 87' lang='lat' dir='ltr'><strong>poena</strong></span> <span class='ocrx_word' id='word_1_144' title='bbox 1202 1845 1383 1872; x_wconf 86' lang='lat' dir='ltr'><strong>reorum.</strong></span> 
     </span>
    </p>

    <p class='ocr_par' dir='ltr' id='par_1_27' title="bbox 258 1896 1360 1962">
     <span class='ocr_line' id='line_1_29' title="bbox 258 1896 1360 1962; baseline -0.005 -14"><span class='ocrx_word' id='word_1_145' title='bbox 258 1909 422 1949; x_wconf 82' lang='lat' dir='ltr'><strong>Currite</strong></span> <span class='ocrx_word' id='word_1_146' title='bbox 455 1908 738 1962; x_wconf 88' lang='lat' dir='ltr'><strong>tranquillum,</strong></span> <span class='ocrx_word' id='word_1_147' title='bbox 768 1907 902 1959; x_wconf 88' lang='lat' dir='ltr'><strong>vulpis</strong></span> <span class='ocrx_word' id='word_1_148' title='bbox 933 1896 1160 1958; x_wconf 87' lang='lat' dir='ltr'><strong>cognoscite</strong></span> <span class='ocrx_word' id='word_1_149' title='bbox 1191 1911 1360 1956; x_wconf 88' lang='lat' dir='ltr'><strong>jussum,</strong></span> 
     </span>
    </p>
   </div>
   <div class='ocr_carea' id='block_1_9' title="bbox 259 1976 1475 2032">
    <p class='ocr_par' dir='ltr' id='par_1_28' title="bbox 259 1976 1475 2032">
     <span class='ocr_line' id='line_1_30' title="bbox 259 1976 1475 2032; baseline -0.006 -10"><span class='ocrx_word' id='word_1_150' title='bbox 259 1982 343 2032; x_wconf 86' lang='lat' dir='ltr'><strong>Qui</strong></span> <span class='ocrx_word' id='word_1_151' title='bbox 366 1990 586 2022; x_wconf 84' lang='lat' dir='ltr'><strong>veneratur</strong></span> <span class='ocrx_word' id='word_1_152' title='bbox 612 1995 720 2029; x_wconf 87' lang='lat' dir='ltr'><strong>eum,</strong></span> <span class='ocrx_word' id='word_1_153' title='bbox 750 1988 970 2021; x_wconf 83' lang='lat' dir='ltr'><strong>veneretur</strong></span> <span class='ocrx_word' id='word_1_154' title='bbox 994 1978 1044 2017; x_wconf 90' lang='lat' dir='ltr'><strong>ad</strong></span> <span class='ocrx_word' id='word_1_155' title='bbox 1070 1992 1190 2017; x_wconf 86' lang='lat' dir='ltr'><strong>omne</strong></span> <span class='ocrx_word' id='word_1_156' title='bbox 1216 1976 1475 2017; x_wconf 88' lang='lat' dir='ltr'><strong>ministrum.&#39;</strong></span> 
     </span>
    </p>
   </div>
   <div class='ocr_carea' id='block_1_10' title="bbox 120 2040 1197 2109">
    <p class='ocr_par' dir='ltr' id='par_1_29' title="bbox 120 2040 1197 2109">
     <span class='ocr_line' id='line_1_31' title="bbox 120 2040 1197 2109; baseline -0.008 -9"><span class='ocrx_word' id='word_1_157' title='bbox 120 2067 202 2104; x_wconf 86' lang='lat'><strong>560</strong></span> <span class='ocrx_word' id='word_1_158' title='bbox 220 2040 462 2098; x_wconf 81' lang='lat' dir='ltr'><strong>Gestamen</strong></span> <span class='ocrx_word' id='word_1_159' title='bbox 495 2057 645 2109; x_wconf 88' lang='lat' dir='ltr'><strong>sceptri</strong></span> <span class='ocrx_word' id='word_1_160' title='bbox 677 2055 792 2108; x_wconf 85' lang='lat' dir='ltr'><strong>vulpi</strong></span> <span class='ocrx_word' id='word_1_161' title='bbox 837 2062 1091 2093; x_wconf 85' lang='lat' dir='ltr'><strong>concesserat</strong></span> <span class='ocrx_word' id='word_1_162' title='bbox 1126 2054 1197 2092; x_wconf 89' lang='lat' dir='ltr'><strong>illi.</strong></span> 
     </span>
    </p>
   </div>
   <div class='ocr_carea' id='block_1_11' title="bbox 258 2132 1473 2404">
    <p class='ocr_par' dir='ltr' id='par_1_30' title="bbox 258 2132 1283 2186">
     <span class='ocr_line' id='line_1_32' title="bbox 258 2132 1283 2186; baseline -0.006 -11"><span class='ocrx_word' id='word_1_163' title='bbox 258 2137 356 2176; x_wconf 91' lang='lat' dir='ltr'><strong>Plus</strong></span> <span class='ocrx_word' id='word_1_164' title='bbox 388 2136 507 2176; x_wconf 89' lang='lat' dir='ltr'><strong>solito</strong></span> <span class='ocrx_word' id='word_1_165' title='bbox 541 2137 673 2184; x_wconf 84' lang='lat' dir='ltr'><strong>major</strong></span> <span class='ocrx_word' id='word_1_166' title='bbox 703 2132 905 2186; x_wconf 80' lang='lat' dir='ltr'><strong>percurrit</strong></span> <span class='ocrx_word' id='word_1_167' title='bbox 939 2140 1107 2183; x_wconf 88' lang='lat' dir='ltr'><strong>pectora</strong></span> <span class='ocrx_word' id='word_1_168' title='bbox 1137 2140 1283 2179; x_wconf 84' lang='lat' dir='ltr'><strong>terror,</strong></span> 
     </span>
    </p>

    <p class='ocr_par' dir='ltr' id='par_1_31' title="bbox 258 2203 1473 2404">
     <span class='ocr_line' id='line_1_33' title="bbox 258 2203 1384 2257; baseline -0.005 -10"><span class='ocrx_word' id='word_1_169' title='bbox 258 2207 345 2247; x_wconf 80' lang='lat' dir='ltr'><strong>Nec</strong></span> <span class='ocrx_word' id='word_1_170' title='bbox 379 2221 461 2247; x_wconf 82' lang='lat' dir='ltr'><strong>vox</strong></span> <span class='ocrx_word' id='word_1_171' title='bbox 494 2208 576 2246; x_wconf 88' lang='lat' dir='ltr'><strong>ulla</strong></span> <span class='ocrx_word' id='word_1_172' title='bbox 605 2208 733 2255; x_wconf 80' lang='lat' dir='ltr'><strong>valet,</strong></span> <span class='ocrx_word' id='word_1_173' title='bbox 778 2219 954 2257; x_wconf 85' lang='lat' dir='ltr'><strong>pompae</strong></span> <span class='ocrx_word' id='word_1_174' title='bbox 985 2206 1043 2244; x_wconf 86' lang='lat' dir='ltr'><strong>vis</strong></span> <span class='ocrx_word' id='word_1_175' title='bbox 1076 2204 1188 2243; x_wconf 87' lang='lat' dir='ltr'><strong>nulla</strong></span> <span class='ocrx_word' id='word_1_176' title='bbox 1217 2203 1384 2241; x_wconf 85' lang='lat' dir='ltr'><strong>relucet.</strong></span> 
     </span>
     <span class='ocr_line' id='line_1_34' title="bbox 262 2275 1473 2330; baseline -0.004 -11"><span class='ocrx_word' id='word_1_177' title='bbox 262 2280 381 2319; x_wconf 82' lang='lat' dir='ltr'><strong>Tunc</strong></span> <span class='ocrx_word' id='word_1_178' title='bbox 402 2280 638 2319; x_wconf 79' lang='lat' dir='ltr'><strong>tremefacta</strong></span> <span class='ocrx_word' id='word_1_179' title='bbox 653 2280 801 2319; x_wconf 85' lang='lat' dir='ltr'><strong>cohors</strong></span> <span class='ocrx_word' id='word_1_180' title='bbox 822 2279 998 2329; x_wconf 85' lang='lat' dir='ltr'><strong>complet</strong></span> <span class='ocrx_word' id='word_1_181' title='bbox 1016 2275 1126 2330; x_wconf 85' lang='lat' dir='ltr'><strong>quod</strong></span> <span class='ocrx_word' id='word_1_182' title='bbox 1147 2279 1319 2325; x_wconf 89' lang='lat' dir='ltr'><strong>jusserat</strong></span> <span class='ocrx_word' id='word_1_183' title='bbox 1336 2276 1473 2324; x_wconf 79' lang='lat' dir='ltr'><strong>herus,</strong></span> 
     </span>
     <span class='ocr_line' id='line_1_35' title="bbox 263 2347 1297 2404; baseline -0.007 -12"><span class='ocrx_word' id='word_1_184' title='bbox 263 2353 494 2404; x_wconf 88' lang='lat' dir='ltr'><strong>Assurgunt</strong></span> <span class='ocrx_word' id='word_1_185' title='bbox 524 2352 680 2402; x_wconf 90' lang='lat' dir='ltr'><strong>cuncti,</strong></span> <span class='ocrx_word' id='word_1_186' title='bbox 716 2351 960 2391; x_wconf 83' lang='lat' dir='ltr'><strong>submittunt</strong></span> <span class='ocrx_word' id='word_1_187' title='bbox 992 2351 1094 2389; x_wconf 88' lang='lat' dir='ltr'><strong>colla</strong></span> <span class='ocrx_word' id='word_1_188' title='bbox 1124 2347 1297 2398; x_wconf 82' lang='lat' dir='ltr'><strong>jubenti.</strong></span> 
     </span>
    </p>
   </div>
   <div class='ocr_carea' id='block_1_12' title="bbox 124 2418 1428 2475">
    <p class='ocr_par' dir='ltr' id='par_1_32' title="bbox 124 2418 1428 2475">
     <span class='ocr_line' id='line_1_36' title="bbox 124 2418 1428 2475; baseline -0.002 -15"><span class='ocrx_word' id='word_1_189' title='bbox 124 2424 205 2461; x_wconf 88' lang='grc'><strong>565</strong></span> <span class='ocrx_word' id='word_1_190' title='bbox 264 2422 407 2462; x_wconf 85' lang='lat' dir='ltr'><strong>Innnit</strong></span> <span class='ocrx_word' id='word_1_191' title='bbox 441 2425 509 2464; x_wconf 89' lang='lat' dir='ltr'><strong>ille</strong></span> <span class='ocrx_word' id='word_1_192' title='bbox 540 2423 686 2464; x_wconf 86' lang='lat' dir='ltr'><strong>domus</strong></span> <span class='ocrx_word' id='word_1_193' title='bbox 719 2437 876 2473; x_wconf 89' lang='lat' dir='ltr'><strong>comes,</strong></span> <span class='ocrx_word' id='word_1_194' title='bbox 907 2431 952 2462; x_wconf 89' lang='lat' dir='ltr'><strong>ut</strong></span> <span class='ocrx_word' id='word_1_195' title='bbox 981 2429 1176 2475; x_wconf 87' lang='lat' dir='ltr'><strong>properet</strong></span> <span class='ocrx_word' id='word_1_196' title='bbox 1208 2418 1428 2472; x_wconf 84' lang='lat' dir='ltr'><strong>leopardus</strong></span> 
     </span>
    </p>
   </div>
   <div class='ocr_carea' id='block_1_13' title="bbox 267 2493 1325 2549">
    <p class='ocr_par' dir='ltr' id='par_1_33' title="bbox 267 2493 1325 2549">
     <span class='ocr_line' id='line_1_37' title="bbox 267 2493 1325 2549; baseline -0.006 -16"><span class='ocrx_word' id='word_1_197' title='bbox 267 2495 528 2546; x_wconf 80' lang='lat' dir='ltr'><strong>Accelerare,</strong></span> <span class='ocrx_word' id='word_1_198' title='bbox 558 2498 779 2549; x_wconf 84' lang='lat' dir='ltr'><strong>palatinam</strong></span> <span class='ocrx_word' id='word_1_199' title='bbox 808 2495 921 2548; x_wconf 86' lang='lat' dir='ltr'><strong>quod</strong></span> <span class='ocrx_word' id='word_1_200' title='bbox 951 2494 1145 2536; x_wconf 85' lang='lat' dir='ltr'><strong>condecet</strong></span> <span class='ocrx_word' id='word_1_201' title='bbox 1177 2493 1325 2537; x_wconf 84' lang='lat' dir='ltr'><strong>aulam,</strong></span> 
     </span>
    </p>
   </div>
   <div class='ocr_carea' id='block_1_14' title="bbox 223 2639 1477 2688">
    <p class='ocr_par' dir='ltr' id='par_1_34' title="bbox 223 2639 1477 2688">
     <span class='ocr_line' id='line_1_38' title="bbox 223 2639 1477 2688; baseline -0.002 -11"><span class='ocrx_word' id='word_1_202' title='bbox 223 2647 287 2678; x_wconf 67' lang='lat'><strong>541</strong></span> <span class='ocrx_word' id='word_1_203' title='bbox 318 2646 383 2678; x_wconf 75' lang='lat' dir='ltr'><strong>veit</strong></span> <span class='ocrx_word' id='word_1_204' title='bbox 409 2646 447 2679; x_wconf 78' lang='lat' dir='ltr'><strong>A.</strong></span> <span class='ocrx_word' id='word_1_205' title='bbox 521 2648 589 2680; x_wconf 68' lang='lat'><strong>544</strong></span> <span class='ocrx_word' id='word_1_206' title='bbox 617 2646 719 2679; x_wconf 64' lang='lat' dir='ltr'><strong>twdis</strong></span> <span class='ocrx_word' id='word_1_207' title='bbox 745 2646 785 2680; x_wconf 77' lang='lat' dir='ltr'><strong>A.</strong></span> <span class='ocrx_word' id='word_1_208' title='bbox 867 2646 938 2678; x_wconf 84' lang='lat'><strong>562</strong></span> <span class='ocrx_word' id='word_1_209' title='bbox 964 2643 1103 2688; x_wconf 66' lang='lat' dir='ltr'><strong>popeius</strong></span> <span class='ocrx_word' id='word_1_210' title='bbox 1127 2643 1164 2677; x_wconf 69' lang='lat' dir='ltr'><strong>A.</strong></span> <span class='ocrx_word' id='word_1_211' title='bbox 1227 2644 1293 2675; x_wconf 80' lang='lat'><strong>563</strong></span> <span class='ocrx_word' id='word_1_212' title='bbox 1325 2639 1421 2674; x_wconf 81' lang='lat' dir='ltr'><strong>heros</strong></span> <span class='ocrx_word' id='word_1_213' title='bbox 1439 2641 1477 2674; x_wconf 75' lang='lat' dir='ltr'><strong>A.</strong></span> 
     </span>
    </p>
   </div>
  </div>
 </body>
</html>
