<?xml version="1.0" encoding="UTF-8"?>
<!DOCTYPE html PUBLIC "-//W3C//DTD XHTML 1.0 Transitional//EN"
    "http://www.w3.org/TR/xhtml1/DTD/xhtml1-transitional.dtd">
<html xmlns="http://www.w3.org/1999/xhtml" xml:lang="en" lang="en">
 <head>
  <title>
</title>
<meta http-equiv="Content-Type" content="text/html;charset=utf-8" />
  <meta name='ocr-system' content='tesseract 3.04.00' />
  <meta name='ocr-capabilities' content='ocr_page ocr_carea ocr_par ocr_line ocrx_word'/>
</head>
<body>
  <div class='ocr_page' id='page_1' title='image "./lateinischegedic00grimuoft_0336.png"; bbox 0 0 1721 2938; ppageno 0'>
   <div class='ocr_carea' id='block_1_1' title="bbox 192 102 1029 153">
    <p class='ocr_par' dir='ltr' id='par_1_1' title="bbox 192 102 1029 153">
     <span class='ocr_line' id='line_1_1' title="bbox 192 102 1029 153; baseline -0.011 0"><span class='ocrx_word' id='word_1_1' title='bbox 192 112 276 153; x_wconf 79' lang='lat'>278</span> <span class='ocrx_word' id='word_1_2' title='bbox 691 102 1029 146; x_wconf 77' lang='lat' dir='ltr'><strong>ECBASIS.</strong></span> 
     </span>
    </p>
   </div>
   <div class='ocr_carea' id='block_1_2' title="bbox 192 183 1522 198">
    <p class='ocr_par' dir='ltr' id='par_1_2' title="bbox 192 183 1522 198">
     <span class='ocr_line' id='line_1_2' title="bbox 192 183 1522 198; baseline 0 2740"><span class='ocrx_word' id='word_1_3' title='bbox 192 183 1522 198; x_wconf 95' lang='lat' dir='ltr'> </span> 
     </span>
    </p>
   </div>
   <div class='ocr_carea' id='block_1_3' title="bbox 195 253 1547 2533">
    <p class='ocr_par' dir='ltr' id='par_1_3' title="bbox 333 253 1320 378">
     <span class='ocr_line' id='line_1_3' title="bbox 333 253 1320 303; baseline -0.009 -3"><span class='ocrx_word' id='word_1_4' title='bbox 333 262 523 300; x_wconf 76' lang='lat' dir='ltr'>&#39;festibus</span> <span class='ocrx_word' id='word_1_5' title='bbox 555 258 604 296; x_wconf 86' lang='lat' dir='ltr'>ab</span> <span class='ocrx_word' id='word_1_6' title='bbox 636 257 756 295; x_wconf 83' lang='lat' dir='ltr'>tantis</span> <span class='ocrx_word' id='word_1_7' title='bbox 786 256 972 293; x_wconf 82' lang='lat' dir='ltr'>firmatur</span> <span class='ocrx_word' id='word_1_8' title='bbox 1006 254 1139 291; x_wconf 83' lang='lat' dir='ltr'>cautio</span> <span class='ocrx_word' id='word_1_9' title='bbox 1173 253 1320 303; x_wconf 79' lang='lat' dir='ltr'>vulpis.</span> 
     </span>
     <span class='ocr_line' id='line_1_4' title="bbox 745 327 1022 378; baseline -0.007 -12"><span class='ocrx_word' id='word_1_10' title='bbox 745 330 868 378; x_wconf 88' lang='lat' dir='ltr'>lupus</span> <span class='ocrx_word' id='word_1_11' title='bbox 897 327 1022 364; x_wconf 84' lang='lat' dir='ltr'>lutro.</span> 
     </span>
    </p>

    <p class='ocr_par' dir='ltr' id='par_1_4' title="bbox 195 395 1510 597">
     <span class='ocr_line' id='line_1_5' title="bbox 195 395 1510 452; baseline -0.007 -9"><span class='ocrx_word' id='word_1_12' title='bbox 195 409 303 444; x_wconf 81' lang='lat'>1010</span> <span class='ocrx_word' id='word_1_13' title='bbox 334 404 460 441; x_wconf 73' lang='lat' dir='ltr'>‘Haec</span> <span class='ocrx_word' id='word_1_14' title='bbox 492 410 551 441; x_wconf 84' lang='lat' dir='ltr'>est</span> <span class='ocrx_word' id='word_1_15' title='bbox 579 402 657 440; x_wconf 88' lang='lat' dir='ltr'>ista</span> <span class='ocrx_word' id='word_1_16' title='bbox 687 412 831 452; x_wconf 80' lang='lat' dir='ltr'>specus</span> <span class='ocrx_word' id='word_1_17' title='bbox 863 397 955 437; x_wconf 82' lang='lat' dir='ltr'>data</span> <span class='ocrx_word' id='word_1_18' title='bbox 985 406 1082 437; x_wconf 87' lang='lat' dir='ltr'>tunc</span> <span class='ocrx_word' id='word_1_19' title='bbox 1118 398 1194 435; x_wconf 88' lang='lat' dir='ltr'>sub</span> <span class='ocrx_word' id='word_1_20' title='bbox 1220 396 1387 447; x_wconf 79' lang='lat' dir='ltr'>regibus</span> <span class='ocrx_word' id='word_1_21' title='bbox 1410 395 1510 446; x_wconf 73' lang='lat' dir='ltr'>illis,</span> 
     </span>
     <span class='ocr_line' id='line_1_6' title="bbox 334 469 1401 524; baseline -0.007 -10"><span class='ocrx_word' id='word_1_22' title='bbox 334 476 418 514; x_wconf 85' lang='lat' dir='ltr'>Pro</span> <span class='ocrx_word' id='word_1_23' title='bbox 451 476 556 513; x_wconf 71' lang='lat' dir='ltr'>racio</span> <span class='ocrx_word' id='word_1_24' title='bbox 585 473 762 519; x_wconf 84' lang='lat' dir='ltr'>scelere,</span> <span class='ocrx_word' id='word_1_25' title='bbox 794 469 904 524; x_wconf 85' lang='lat' dir='ltr'>quod</span> <span class='ocrx_word' id='word_1_26' title='bbox 936 471 1079 521; x_wconf 87' lang='lat' dir='ltr'>vulpes</span> <span class='ocrx_word' id='word_1_27' title='bbox 1110 471 1232 520; x_wconf 80' lang='lat' dir='ltr'>gessit</span> <span class='ocrx_word' id='word_1_28' title='bbox 1260 469 1401 521; x_wconf 86' lang='lat' dir='ltr'>inique</span> 
     </span>
     <span class='ocr_line' id='line_1_7' title="bbox 332 541 1490 597; baseline -0.006 -11"><span class='ocrx_word' id='word_1_29' title='bbox 332 546 545 588; x_wconf 83' lang='lat' dir='ltr'>Adversus</span> <span class='ocrx_word' id='word_1_30' title='bbox 576 558 803 597; x_wconf 82' lang='lat' dir='ltr'>proavum,</span> <span class='ocrx_word' id='word_1_31' title='bbox 835 544 983 581; x_wconf 86' lang='lat' dir='ltr'>tultum</span> <span class='ocrx_word' id='word_1_32' title='bbox 1014 542 1148 581; x_wconf 78' lang='lat' dir='ltr'>suerat</span> <span class='ocrx_word' id='word_1_33' title='bbox 1179 541 1256 580; x_wconf 85' lang='lat' dir='ltr'>sibi</span> <span class='ocrx_word' id='word_1_34' title='bbox 1289 541 1490 581; x_wconf 59' lang='lat' dir='ltr'>castrum?</span> 
     </span>
    </p>

    <p class='ocr_par' dir='ltr' id='par_1_5' title="bbox 197 616 1514 1314">
     <span class='ocr_line' id='line_1_8' title="bbox 816 616 935 654; baseline 0 -2"><span class='ocrx_word' id='word_1_35' title='bbox 816 616 935 654; x_wconf 86' lang='lat' dir='ltr'>luter.</span> 
     </span>
     <span class='ocr_line' id='line_1_9' title="bbox 333 686 1398 736; baseline -0.007 -6"><span class='ocrx_word' id='word_1_36' title='bbox 333 690 553 729; x_wconf 79' lang='lat' dir='ltr'>‘Successit</span> <span class='ocrx_word' id='word_1_37' title='bbox 583 688 768 736; x_wconf 81' lang='lat' dir='ltr'>soboles,</span> <span class='ocrx_word' id='word_1_38' title='bbox 801 686 991 726; x_wconf 81' lang='lat' dir='ltr'>successit</span> <span class='ocrx_word' id='word_1_39' title='bbox 1020 693 1152 724; x_wconf 86' lang='lat' dir='ltr'>tortus</span> <span class='ocrx_word' id='word_1_40' title='bbox 1184 695 1221 724; x_wconf 89' lang='lat' dir='ltr'>et</span> <span class='ocrx_word' id='word_1_41' title='bbox 1256 687 1398 724; x_wconf 82' lang='lat' dir='ltr'>heres:</span> 
     </span>
     <span class='ocr_line' id='line_1_10' title="bbox 333 757 1401 816; baseline -0.007 -13"><span class='ocrx_word' id='word_1_42' title='bbox 333 765 602 816; x_wconf 85' lang='lat' dir='ltr'>Delinquunt</span> <span class='ocrx_word' id='word_1_43' title='bbox 630 769 792 813; x_wconf 86' lang='lat' dir='ltr'>patres,</span> <span class='ocrx_word' id='word_1_44' title='bbox 820 761 987 799; x_wconf 86' lang='lat' dir='ltr'>solvunt</span> <span class='ocrx_word' id='word_1_45' title='bbox 1017 757 1163 797; x_wconf 87' lang='lat' dir='ltr'>delicta</span> <span class='ocrx_word' id='word_1_46' title='bbox 1194 771 1401 811; x_wconf 80' lang='lat' dir='ltr'>sequaces.</span> 
     </span>
     <span class='ocr_line' id='line_1_11' title="bbox 197 830 1472 887; baseline -0.006 -12"><span class='ocrx_word' id='word_1_47' title='bbox 197 840 303 876; x_wconf 83' lang='lat'>1015</span> <span class='ocrx_word' id='word_1_48' title='bbox 338 836 481 876; x_wconf 79' lang='lat' dir='ltr'>Cetera</span> <span class='ocrx_word' id='word_1_49' title='bbox 512 847 788 887; x_wconf 76' lang='lat' dir='ltr'>prosequere,</span> <span class='ocrx_word' id='word_1_50' title='bbox 830 845 935 884; x_wconf 87' lang='lat' dir='ltr'>quae</span> <span class='ocrx_word' id='word_1_51' title='bbox 965 831 1046 870; x_wconf 89' lang='lat' dir='ltr'>sint</span> <span class='ocrx_word' id='word_1_52' title='bbox 1075 831 1250 881; x_wconf 84' lang='lat' dir='ltr'>iusignia</span> <span class='ocrx_word' id='word_1_53' title='bbox 1292 830 1472 869; x_wconf 54' lang='lat' dir='ltr'>coenae?</span> 
     </span>
     <span class='ocr_line' id='line_1_12' title="bbox 800 905 937 954; baseline 0 -13"><span class='ocrx_word' id='word_1_54' title='bbox 800 905 937 954; x_wconf 89' lang='lat' dir='ltr'>lupus.</span> 
     </span>
     <span class='ocr_line' id='line_1_13' title="bbox 335 975 1460 1027; baseline -0.002 -10"><span class='ocrx_word' id='word_1_55' title='bbox 335 978 577 1019; x_wconf 81' lang='lat' dir='ltr'>‘Tolluntur</span> <span class='ocrx_word' id='word_1_56' title='bbox 607 979 767 1023; x_wconf 86' lang='lat' dir='ltr'>lances,</span> <span class='ocrx_word' id='word_1_57' title='bbox 796 975 1050 1027; x_wconf 86' lang='lat' dir='ltr'>longinquus</span> <span class='ocrx_word' id='word_1_58' title='bbox 1078 975 1257 1014; x_wconf 82' lang='lat' dir='ltr'>vescitur</span> <span class='ocrx_word' id='word_1_59' title='bbox 1286 976 1460 1026; x_wconf 57' lang='lat' dir='ltr'>hospes?</span> 
     </span>
     <span class='ocr_line' id='line_1_14' title="bbox 712 1046 1025 1099; baseline 0 -14"><span class='ocrx_word' id='word_1_60' title='bbox 712 1046 864 1099; x_wconf 85' lang='lat' dir='ltr'>pardus</span> <span class='ocrx_word' id='word_1_61' title='bbox 897 1047 1025 1097; x_wconf 75' lang='lat' dir='ltr'>vulpi·</span> 
     </span>
     <span class='ocr_line' id='line_1_15' title="bbox 338 1117 1488 1172; baseline 0 -12"><span class='ocrx_word' id='word_1_62' title='bbox 338 1120 597 1160; x_wconf 79' lang='lat' dir='ltr'>‘Praevideas</span> <span class='ocrx_word' id='word_1_63' title='bbox 626 1135 677 1159; x_wconf 91' lang='lat' dir='ltr'>ne</span> <span class='ocrx_word' id='word_1_64' title='bbox 706 1128 825 1171; x_wconf 82' lang='lat' dir='ltr'>turpe</span> <span class='ocrx_word' id='word_1_65' title='bbox 858 1120 986 1167; x_wconf 87' lang='lat' dir='ltr'>toral,</span> <span class='ocrx_word' id='word_1_66' title='bbox 1027 1132 1102 1157; x_wconf 89' lang='lat' dir='ltr'>nec</span> <span class='ocrx_word' id='word_1_67' title='bbox 1133 1117 1300 1157; x_wconf 84' lang='lat' dir='ltr'>sordida</span> <span class='ocrx_word' id='word_1_68' title='bbox 1327 1134 1488 1172; x_wconf 80' lang='lat' dir='ltr'>mappa,</span> 
     </span>
     <span class='ocr_line' id='line_1_16' title="bbox 335 1189 1450 1242; baseline -0.001 -12"><span class='ocrx_word' id='word_1_69' title='bbox 335 1191 539 1231; x_wconf 82' lang='lat' dir='ltr'>Sordidus</span> <span class='ocrx_word' id='word_1_70' title='bbox 571 1201 640 1231; x_wconf 89' lang='lat' dir='ltr'>aut</span> <span class='ocrx_word' id='word_1_71' title='bbox 673 1191 836 1242; x_wconf 81' lang='lat' dir='ltr'>dapifer</span> <span class='ocrx_word' id='word_1_72' title='bbox 865 1202 985 1228; x_wconf 84' lang='lat' dir='ltr'>nares</span> <span class='ocrx_word' id='word_1_73' title='bbox 1017 1197 1211 1240; x_wconf 86' lang='lat' dir='ltr'>couruget</span> <span class='ocrx_word' id='word_1_74' title='bbox 1242 1189 1450 1239; x_wconf 85' lang='lat' dir='ltr'>edentum,</span> 
     </span>
     <span class='ocr_line' id='line_1_17' title="bbox 336 1260 1514 1314; baseline 0 -13"><span class='ocrx_word' id='word_1_75' title='bbox 336 1264 488 1314; x_wconf 81' lang='lat' dir='ltr'>Magna</span> <span class='ocrx_word' id='word_1_76' title='bbox 519 1272 659 1303; x_wconf 88' lang='lat' dir='ltr'>movet</span> <span class='ocrx_word' id='word_1_77' title='bbox 689 1263 901 1302; x_wconf 84' lang='lat' dir='ltr'>stomacho</span> <span class='ocrx_word' id='word_1_78' title='bbox 934 1260 1113 1309; x_wconf 85' lang='lat' dir='ltr'>fastidia,</span> <span class='ocrx_word' id='word_1_79' title='bbox 1145 1275 1217 1300; x_wconf 85' lang='lat' dir='ltr'>seu</span> <span class='ocrx_word' id='word_1_80' title='bbox 1248 1276 1353 1313; x_wconf 87' lang='lat' dir='ltr'>puer</span> <span class='ocrx_word' id='word_1_81' title='bbox 1382 1263 1514 1302; x_wconf 88' lang='lat' dir='ltr'>unctis</span> 
     </span>
    </p>

    <p class='ocr_par' dir='ltr' id='par_1_6' title="bbox 200 1331 1458 1601">
     <span class='ocr_line' id='line_1_18' title="bbox 200 1331 1458 1385; baseline -0.002 -9"><span class='ocrx_word' id='word_1_82' title='bbox 200 1340 306 1376; x_wconf 80' lang='lat'>1020</span> <span class='ocrx_word' id='word_1_83' title='bbox 337 1335 545 1376; x_wconf 83' lang='lat' dir='ltr'>Tractavit</span> <span class='ocrx_word' id='word_1_84' title='bbox 573 1335 733 1375; x_wconf 85' lang='lat' dir='ltr'>calicem</span> <span class='ocrx_word' id='word_1_85' title='bbox 769 1334 983 1382; x_wconf 85' lang='lat' dir='ltr'>manibus,</span> <span class='ocrx_word' id='word_1_86' title='bbox 1017 1331 1116 1371; x_wconf 86' lang='lat' dir='ltr'>dum</span> <span class='ocrx_word' id='word_1_87' title='bbox 1144 1334 1255 1372; x_wconf 85' lang='lat' dir='ltr'>furta</span> <span class='ocrx_word' id='word_1_88' title='bbox 1284 1334 1458 1385; x_wconf 78' lang='lat' dir='ltr'>ligurrit,</span> 
     </span>
     <span class='ocr_line' id='line_1_19' title="bbox 338 1405 1344 1459; baseline 0 -12"><span class='ocrx_word' id='word_1_89' title='bbox 338 1408 434 1448; x_wconf 87' lang='lat' dir='ltr'>Sive</span> <span class='ocrx_word' id='word_1_90' title='bbox 462 1409 596 1459; x_wconf 82' lang='lat' dir='ltr'>gravis</span> <span class='ocrx_word' id='word_1_91' title='bbox 626 1407 755 1446; x_wconf 88' lang='lat' dir='ltr'>veteri</span> <span class='ocrx_word' id='word_1_92' title='bbox 787 1414 968 1445; x_wconf 82' lang='lat' dir='ltr'>craterae</span> <span class='ocrx_word' id='word_1_93' title='bbox 998 1405 1119 1445; x_wconf 88' lang='lat' dir='ltr'>limus</span> <span class='ocrx_word' id='word_1_94' title='bbox 1150 1406 1344 1447; x_wconf 86' lang='lat' dir='ltr'>adhaesit.</span> 
     </span>
     <span class='ocr_line' id='line_1_20' title="bbox 336 1478 1367 1528; baseline 0 -10"><span class='ocrx_word' id='word_1_95' title='bbox 336 1480 491 1518; x_wconf 90' lang='lat' dir='ltr'>Pocula</span> <span class='ocrx_word' id='word_1_96' title='bbox 525 1480 761 1518; x_wconf 84' lang='lat' dir='ltr'>miscentem</span> <span class='ocrx_word' id='word_1_97' title='bbox 795 1478 996 1516; x_wconf 85' lang='lat' dir='ltr'>nutritum</span> <span class='ocrx_word' id='word_1_98' title='bbox 1024 1490 1134 1528; x_wconf 86' lang='lat' dir='ltr'>pone</span> <span class='ocrx_word' id='word_1_99' title='bbox 1165 1478 1367 1528; x_wconf 86' lang='lat' dir='ltr'>clientem,</span> 
     </span>
     <span class='ocr_line' id='line_1_21' title="bbox 340 1549 1253 1601; baseline -0.002 -11"><span class='ocrx_word' id='word_1_100' title='bbox 340 1551 461 1590; x_wconf 85' lang='lat' dir='ltr'>Casta</span> <span class='ocrx_word' id='word_1_101' title='bbox 486 1551 683 1590; x_wconf 85' lang='lat' dir='ltr'>serenatis</span> <span class='ocrx_word' id='word_1_102' title='bbox 710 1550 877 1601; x_wconf 89' lang='lat' dir='ltr'>impone</span> <span class='ocrx_word' id='word_1_103' title='bbox 908 1549 1062 1588; x_wconf 84' lang='lat' dir='ltr'>cibaria</span> <span class='ocrx_word' id='word_1_104' title='bbox 1092 1550 1253 1598; x_wconf 88' lang='lat' dir='ltr'>mensis,</span> 
     </span>
    </p>

    <p class='ocr_par' dir='ltr' id='par_1_7' title="bbox 342 1623 1316 1672">
     <span class='ocr_line' id='line_1_22' title="bbox 342 1623 1316 1672; baseline 0 -11"><span class='ocrx_word' id='word_1_105' title='bbox 342 1625 557 1662; x_wconf 87' lang='lat' dir='ltr'>Ponantur</span> <span class='ocrx_word' id='word_1_106' title='bbox 586 1624 743 1672; x_wconf 90' lang='lat' dir='ltr'>nuclei,</span> <span class='ocrx_word' id='word_1_107' title='bbox 775 1623 999 1661; x_wconf 87' lang='lat' dir='ltr'>corilorum</span> <span class='ocrx_word' id='word_1_108' title='bbox 1030 1623 1182 1661; x_wconf 84' lang='lat' dir='ltr'>robore</span> <span class='ocrx_word' id='word_1_109' title='bbox 1214 1625 1316 1672; x_wconf 88' lang='lat' dir='ltr'>nati,</span> 
     </span>
    </p>

    <p class='ocr_par' dir='ltr' id='par_1_8' title="bbox 199 1694 1547 2034">
     <span class='ocr_line' id='line_1_23' title="bbox 199 1694 1487 1747; baseline 0.001 -14"><span class='ocrx_word' id='word_1_110' title='bbox 199 1699 307 1736; x_wconf 75' lang='lat'>1025</span> <span class='ocrx_word' id='word_1_111' title='bbox 340 1695 501 1735; x_wconf 85' lang='lat' dir='ltr'>Persica</span> <span class='ocrx_word' id='word_1_112' title='bbox 534 1709 624 1734; x_wconf 90' lang='lat' dir='ltr'>cum</span> <span class='ocrx_word' id='word_1_113' title='bbox 656 1694 826 1742; x_wconf 85' lang='lat' dir='ltr'>cerasis,</span> <span class='ocrx_word' id='word_1_114' title='bbox 857 1694 1076 1746; x_wconf 88' lang='lat' dir='ltr'>quectonia</span> <span class='ocrx_word' id='word_1_115' title='bbox 1105 1695 1317 1747; x_wconf 81' lang='lat' dir='ltr'>mixtaque</span> <span class='ocrx_word' id='word_1_116' title='bbox 1350 1697 1487 1747; x_wconf 84' lang='lat' dir='ltr'>fragis,</span> 
     </span>
     <span class='ocr_line' id='line_1_24' title="bbox 336 1765 1462 1819; baseline 0.002 -13"><span class='ocrx_word' id='word_1_117' title='bbox 336 1768 465 1806; x_wconf 86' lang='lat' dir='ltr'>Poma</span> <span class='ocrx_word' id='word_1_118' title='bbox 491 1767 751 1819; x_wconf 82' lang='lat' dir='ltr'>geroldinga,</span> <span class='ocrx_word' id='word_1_119' title='bbox 782 1780 888 1819; x_wconf 91' lang='lat' dir='ltr'>quae</span> <span class='ocrx_word' id='word_1_120' title='bbox 918 1765 1063 1805; x_wconf 86' lang='lat' dir='ltr'>detulit</span> <span class='ocrx_word' id='word_1_121' title='bbox 1094 1767 1195 1804; x_wconf 92' lang='lat' dir='ltr'>haec</span> <span class='ocrx_word' id='word_1_122' title='bbox 1226 1766 1462 1818; x_wconf 86' lang='lat' dir='ltr'>philomela,</span> 
     </span>
     <span class='ocr_line' id='line_1_25' title="bbox 339 1838 1385 1892; baseline 0 -14"><span class='ocrx_word' id='word_1_123' title='bbox 339 1842 580 1892; x_wconf 85' lang='lat' dir='ltr'>Praecoqua</span> <span class='ocrx_word' id='word_1_124' title='bbox 610 1847 810 1891; x_wconf 80' lang='lat' dir='ltr'>purgetur</span> <span class='ocrx_word' id='word_1_125' title='bbox 846 1838 963 1876; x_wconf 87' lang='lat' dir='ltr'>claris</span> <span class='ocrx_word' id='word_1_126' title='bbox 997 1838 1039 1876; x_wconf 88' lang='lat' dir='ltr'>in</span> <span class='ocrx_word' id='word_1_127' title='bbox 1068 1839 1252 1878; x_wconf 86' lang='lat' dir='ltr'>fontibus</span> <span class='ocrx_word' id='word_1_128' title='bbox 1281 1854 1385 1890; x_wconf 84' lang='lat' dir='ltr'>uva3</span> 
     </span>
     <span class='ocr_line' id='line_1_26' title="bbox 337 1909 1325 1959; baseline -0.001 -9"><span class='ocrx_word' id='word_1_129' title='bbox 337 1912 394 1950; x_wconf 88' lang='lat' dir='ltr'>Ut</span> <span class='ocrx_word' id='word_1_130' title='bbox 425 1910 541 1949; x_wconf 84' lang='lat' dir='ltr'>dabis</span> <span class='ocrx_word' id='word_1_131' title='bbox 572 1912 702 1959; x_wconf 86' lang='lat' dir='ltr'>elixa,</span> <span class='ocrx_word' id='word_1_132' title='bbox 731 1911 944 1950; x_wconf 82' lang='lat' dir='ltr'>confestim</span> <span class='ocrx_word' id='word_1_133' title='bbox 973 1909 1124 1949; x_wconf 86' lang='lat' dir='ltr'>dentur</span> <span class='ocrx_word' id='word_1_134' title='bbox 1156 1919 1194 1949; x_wconf 90' lang='lat' dir='ltr'>et</span> <span class='ocrx_word' id='word_1_135' title='bbox 1224 1924 1325 1959; x_wconf 86' lang='lat' dir='ltr'>assa,</span> 
     </span>
     <span class='ocr_line' id='line_1_27' title="bbox 331 1980 1547 2034; baseline 0.003 -14"><span class='ocrx_word' id='word_1_136' title='bbox 331 1983 513 2021; x_wconf 83' lang='lat' dir='ltr'>Accubet</span> <span class='ocrx_word' id='word_1_137' title='bbox 543 1989 579 2020; x_wconf 91' lang='lat' dir='ltr'>et</span> <span class='ocrx_word' id='word_1_138' title='bbox 601 1982 804 2034; x_wconf 89' lang='lat' dir='ltr'>reliquum</span> <span class='ocrx_word' id='word_1_139' title='bbox 827 1994 991 2020; x_wconf 86' lang='lat' dir='ltr'>servum</span> <span class='ocrx_word' id='word_1_140' title='bbox 1014 1994 1139 2032; x_wconf 87' lang='lat' dir='ltr'>pecus</span> <span class='ocrx_word' id='word_1_141' title='bbox 1158 1980 1207 2020; x_wconf 87' lang='lat' dir='ltr'>ad</span> <span class='ocrx_word' id='word_1_142' title='bbox 1225 1982 1547 2026; x_wconf 85' lang='lat' dir='ltr'>comedendum.’</span> 
     </span>
    </p>

    <p class='ocr_par' dir='ltr' id='par_1_9' title="bbox 797 2053 954 2104">
     <span class='ocr_line' id='line_1_28' title="bbox 797 2053 954 2104; baseline -0.013 -10"><span class='ocrx_word' id='word_1_143' title='bbox 797 2053 954 2104; x_wconf 87' lang='lat' dir='ltr'>vulpes.</span> 
     </span>
    </p>

    <p class='ocr_par' dir='ltr' id='par_1_10' title="bbox 204 2119 1514 2248">
     <span class='ocr_line' id='line_1_29' title="bbox 204 2119 1514 2178; baseline 0.003 -15"><span class='ocrx_word' id='word_1_144' title='bbox 204 2131 309 2165; x_wconf 77' lang='grc'>1030</span> <span class='ocrx_word' id='word_1_145' title='bbox 344 2127 543 2165; x_wconf 83' lang='lat' dir='ltr'>‘Insistam</span> <span class='ocrx_word' id='word_1_146' title='bbox 574 2127 749 2175; x_wconf 87' lang='lat' dir='ltr'>cunctis,</span> <span class='ocrx_word' id='word_1_147' title='bbox 781 2139 887 2178; x_wconf 87' lang='lat' dir='ltr'>quae</span> <span class='ocrx_word' id='word_1_148' title='bbox 918 2133 1120 2164; x_wconf 86' lang='lat' dir='ltr'>monstrat</span> <span class='ocrx_word' id='word_1_149' title='bbox 1149 2119 1283 2165; x_wconf 82' lang='lat' dir='ltr'>sermo</span> <span class='ocrx_word' id='word_1_150' title='bbox 1309 2129 1514 2176; x_wconf 84' lang='lat' dir='ltr'>jubentis.&#39;</span> 
     </span>
     <span class='ocr_line' id='line_1_30' title="bbox 341 2196 1328 2248; baseline 0.003 -14"><span class='ocrx_word' id='word_1_151' title='bbox 341 2196 513 2236; x_wconf 86' lang='lat' dir='ltr'>Sublato</span> <span class='ocrx_word' id='word_1_152' title='bbox 544 2197 654 2238; x_wconf 85' lang='lat' dir='ltr'>disco</span> <span class='ocrx_word' id='word_1_153' title='bbox 685 2209 856 2248; x_wconf 84' lang='lat' dir='ltr'>surgens</span> <span class='ocrx_word' id='word_1_154' title='bbox 887 2198 974 2235; x_wconf 84' lang='lat' dir='ltr'>fera</span> <span class='ocrx_word' id='word_1_155' title='bbox 1006 2197 1162 2236; x_wconf 87' lang='lat' dir='ltr'>sistitur</span> <span class='ocrx_word' id='word_1_156' title='bbox 1193 2207 1328 2237; x_wconf 82' lang='lat' dir='ltr'>antro.</span> 
     </span>
    </p>

    <p class='ocr_par' dir='ltr' id='par_1_11' title="bbox 344 2269 1498 2533">
     <span class='ocr_line' id='line_1_31' title="bbox 775 2269 967 2320; baseline 0.01 -15"><span class='ocrx_word' id='word_1_157' title='bbox 775 2269 967 2320; x_wconf 83' lang='lat' dir='ltr'>psitacuS.</span> 
     </span>
     <span class='ocr_line' id='line_1_32' title="bbox 344 2339 1493 2393; baseline 0 -13"><span class='ocrx_word' id='word_1_158' title='bbox 344 2341 587 2393; x_wconf 57' lang='lat' dir='ltr'>‘Praecipitat</span> <span class='ocrx_word' id='word_1_159' title='bbox 617 2339 832 2387; x_wconf 86' lang='lat' dir='ltr'>dominus,</span> <span class='ocrx_word' id='word_1_160' title='bbox 862 2339 994 2378; x_wconf 85' lang='lat' dir='ltr'>licitos</span> <span class='ocrx_word' id='word_1_161' title='bbox 1023 2347 1182 2390; x_wconf 82' lang='lat' dir='ltr'>repetat</span> <span class='ocrx_word' id='word_1_162' title='bbox 1209 2340 1295 2377; x_wconf 86' lang='lat' dir='ltr'>sera</span> <span class='ocrx_word' id='word_1_163' title='bbox 1325 2342 1493 2380; x_wconf 70' lang='lat' dir='ltr'>cursus.²</span> 
     </span>
     <span class='ocr_line' id='line_1_33' title="bbox 828 2411 908 2448; baseline 0 0"><span class='ocrx_word' id='word_1_164' title='bbox 828 2411 908 2448; x_wconf 91' lang='lat' dir='ltr'>leo.</span> 
     </span>
     <span class='ocr_line' id='line_1_34' title="bbox 344 2481 1498 2533; baseline 0.003 -14"><span class='ocrx_word' id='word_1_165' title='bbox 344 2481 538 2533; x_wconf 82' lang='lat' dir='ltr'>‘Accipite</span> <span class='ocrx_word' id='word_1_166' title='bbox 569 2496 664 2533; x_wconf 88' lang='lat' dir='ltr'>ergo</span> <span class='ocrx_word' id='word_1_167' title='bbox 696 2495 861 2531; x_wconf 84' lang='lat' dir='ltr'>omues,</span> <span class='ocrx_word' id='word_1_168' title='bbox 893 2494 1095 2533; x_wconf 85' lang='lat' dir='ltr'>auresque</span> <span class='ocrx_word' id='word_1_169' title='bbox 1126 2481 1321 2522; x_wconf 84' lang='lat' dir='ltr'>advertite</span> <span class='ocrx_word' id='word_1_170' title='bbox 1352 2482 1498 2532; x_wconf 81' lang='lat' dir='ltr'>cordis,</span> 
     </span>
    </p>
   </div>
   <div class='ocr_carea' id='block_1_4' title="bbox 196 2568 284 2576">
    <p class='ocr_par' dir='ltr' id='par_1_12' title="bbox 196 2568 284 2576">
     <span class='ocr_line' id='line_1_35' title="bbox 196 2568 284 2576; baseline -0.023 0"><span class='ocrx_word' id='word_1_171' title='bbox 196 2568 284 2576; x_wconf 63' lang='lat'>0-—</span> 
     </span>
    </p>
   </div>
   <div class='ocr_carea' id='block_1_5' title="bbox 300 2607 1542 2657">
    <p class='ocr_par' dir='ltr' id='par_1_13' title="bbox 300 2607 1542 2657">
     <span class='ocr_line' id='line_1_36' title="bbox 300 2607 1542 2657; baseline 0.003 -13"><span class='ocrx_word' id='word_1_172' title='bbox 300 2607 386 2645; x_wconf 68' lang='lat' dir='ltr'>tol-l</span> <span class='ocrx_word' id='word_1_173' title='bbox 415 2619 549 2657; x_wconf 82' lang='lat' dir='ltr'>pateres</span> <span class='ocrx_word' id='word_1_174' title='bbox 576 2616 615 2649; x_wconf 79' lang='lat' dir='ltr'>A.</span> <span class='ocrx_word' id='word_1_175' title='bbox 694 2615 784 2646; x_wconf 91' lang='grc'>1016</span> <span class='ocrx_word' id='word_1_176' title='bbox 816 2614 1009 2656; x_wconf 79' lang='lat' dir='ltr'>longinquis</span> <span class='ocrx_word' id='word_1_177' title='bbox 1036 2615 1073 2647; x_wconf 80' lang='lat' dir='ltr'>A.</span> <span class='ocrx_word' id='word_1_178' title='bbox 1154 2616 1241 2646; x_wconf 74' lang='lat'>1026</span> <span class='ocrx_word' id='word_1_179' title='bbox 1267 2625 1350 2656; x_wconf 81' lang='lat' dir='ltr'>gero</span> <span class='ocrx_word' id='word_1_180' title='bbox 1378 2616 1476 2657; x_wconf 78' lang='lat' dir='ltr'>digna</span> <span class='ocrx_word' id='word_1_181' title='bbox 1505 2616 1542 2648; x_wconf 84' lang='grc' dir='ltr'>Β.</span> 
     </span>
    </p>
   </div>
  </div>
 </body>
</html>
