1721 2938
263 138 319 180 48
691 141 1189 185 WAL'PHARIUS.

433 290 558 340 (Ante
594 289 718 341 pedes
748 291 886 331 herois
923 292 1030 331 enim
1061 292 1221 332 divulsa
1251 295 1427 350 jacebat)

433 361 642 401 Accedens
672 363 789 403 tacite
820 365 962 404 furtim
994 366 1228 404 sustolleret
1258 367 1429 406 hastam.

430 432 778 488 Quandoquidem
809 437 1005 477 brevibus
1036 438 1266 488 gladiorum
1298 437 1475 491 denique
1505 440 1592 479 telis

430 506 588 545 Armati
619 518 834 561 nequeunt
863 508 1054 548 accedere
1087 510 1273 549 cominus
1303 511 1385 560 illi,

264 580 369 614 1310
429 576 511 625 Qui
541 587 619 619 tam
656 590 897 631 porrectum
928 583 1149 634 torquebat
1181 581 1358 634 cuspidis
1392 583 1533 621 ictum.

428 651 570 690 Innuit
602 666 698 702 ergo
731 654 884 702 ocutis,
928 667 1092 692 vassum
1124 654 1370 705 praecedere
1401 653 1600 701 suadens,

433 722 559 773 Cujus
592 724 763 764 desensu
799 739 962 765 causam
993 727 1186 777 supplere
1217 728 1384 767 valeret.

373 780 475 836 Nec
500 812 637 848 mora3
669 801 931 850 progreditur
948 800 1147 850 Haganon
1169 815 1212 839 ac
1226 809 1425 852 provocat
1441 801 1613 841 hostem.

432 872 525 910 Rex
554 887 723 925 quoque
755 883 1006 924 gemmatum
1036 875 1206 926 vaginae
1237 875 1418 914 condidit
1448 889 1585 913 ensem

264 945 371 981 1315
432 944 667 995 Expediens
700 944 884 984 dextram
918 946 1029 985 furto
1060 955 1239 986 actutum
1269 947 1476 996 faciendo,

427 1016 506 1055 Sed
525 1016 622 1069 quid
641 1019 758 1069 plura
771 1016 790 1055 ἶ)
834 1032 995 1056 manum
1016 1032 1189 1068 pronam
1206 1020 1428 1058 transmisit
1443 1020 1483 1057 in
1502 1021 1671 1058 hastam.

426 1085 480 1128 Et
511 1093 591 1139 jam
620 1103 903 1141 comprensam
937 1092 1085 1129 sensim
1114 1092 1378 1130 subtraxerat
1405 1092 1560 1143 ipsam,

426 1160 636 1199 Fortunae
663 1164 819 1210 majora
850 1170 1006 1212 petens.
1064 1161 1134 1201 sed
1163 1164 1366 1203 maximus
1393 1165 1539 1212 heros,

426 1233 580 1284 Utpote
612 1235 684 1286 qui
715 1234 824 1272 bello
856 1247 1017 1285 semper
1047 1243 1108 1272 sat
1138 1234 1336 1286 providus
1367 1244 1493 1285 esset,

263 1309 368 1342 1320
428 1305 594 1342 Praeter
629 1312 668 1343 et
700 1306 820 1344 unius
850 1314 1049 1357 punctum
1081 1307 1337 1346 cautissimus
1365 1308 1515 1356 horae,

424 1376 547 1414 Hunc
575 1376 764 1415 inclinari
801 1391 970 1417 cernens
1002 1386 1261 1429 persenserat
1287 1386 1446 1426 actum,

427 1448 513 1487 Nec
543 1450 637 1487 tulit
666 1451 896 1488 obstantem
926 1449 995 1488 sed
1020 1463 1120 1489 mox
1149 1451 1378 1501 Haganona
1401 1451 1613 1491 revellens.

429 1520 622 1572 Denique
653 1522 816 1560 sublato
849 1523 919 1573 qui
950 1520 1179 1560 divertebat
1209 1522 1259 1559 ab
1288 1521 1392 1568 ictu,

425 1592 579 1642 Insilit,
621 1600 659 1630 et
689 1593 827 1644 planta
857 1592 1063 1645 direptum
1094 1594 1236 1631 hastile
1267 1599 1464 1640 retentat,

265 1666 368 1700 1325
429 1663 487 1701 Ac
518 1677 654 1714 regem
688 1665 798 1704 furto
822 1674 987 1717 captum
1020 1666 1074 1703 sic
1105 1663 1384 1715 increpitavit,

426 1737 483 1775 Ut
512 1740 592 1785 jam
624 1739 814 1788 perculso
846 1740 922 1776 sub
957 1735 1124 1788 cuspide
1153 1750 1287 1787 genua
1313 1737 1526 1782 labarent3

428 1807 560 1856 Quem
598 1823 766 1862 quoque
809 1809 1006 1850 continuo
1043 1809 1240 1847 esurienti
1273 1815 1463 1860 porgeret
1493 1805 1615 1847 Orco.

429 1880 485 1919 Ni
514 1882 688 1932 Hagano
721 1883 970 1934 armipotens
1003 1881 1119 1920 citius
1151 1887 1429 1928 succurreret,
1466 1887 1587 1931 atque

431 1949 602 2001 Objecto
631 1951 845 1990 dominum
881 1961 995 1992 scuto
1028 1954 1230 2001 muniret,
1272 1960 1311 1990 et
1342 1951 1452 1990 hosti

263 2024 371 2059 1330
430 2021 596 2062 Nudam
628 2025 754 2063 aciem
785 2025 897 2064 saevi
927 2026 1135 2071 mucronis
1166 2025 1207 2063 in
1239 2035 1312 2062 ora
1340 2022 1513 2061 tulisset.

427 2095 493 2134 Sic
529 2096 627 2134 dum
661 2098 925 2136 waltharius
956 2099 1107 2137 vulnus
1140 2105 1278 2146 cavet,
1322 2096 1389 2134 ille
1419 2094 1616 2143 resurgit,

430 2169 566 2220 Atque
583 2177 760 2208 tremens
777 2169 1043 2221 trepidusque
1057 2171 1175 2215 stetit,
1191 2170 1259 2207 vix
1275 2177 1402 2206 morte
1415 2180 1617 2206 reversus.

373 2223 474 2279 Nec
493 2257 628 2292 mora,
663 2258 735 2282 nec
758 2246 944 2297 requies,
982 2245 1132 2282 bellum
1151 2245 1403 2282 instauratur
1419 2254 1614 2287 amarum,

357 2379 450 2409 1310
473 2378 545 2420 jam
573 2380 614 2412 D.
681 2384 766 2413 1311
797 2381 918 2414 falsum
946 2383 985 2416 D.
1057 2384 1149 2414 1314
1175 2382 1296 2423 vagina
1321 2381 1361 2412 D.
1439 2382 1528 2412 1315
1554 2389 1614 2412 ex—

265 2436 406 2470 tendens
432 2439 474 2472 D.
515 2443 623 2472 tntum
652 2442 692 2473 A.
729 2446 835 2474 tutam
860 2442 898 2475 C.
930 2442 1054 2475 furtum
1082 2447 1189 2475 tutum
1217 2443 1257 2475 D.
1310 2443 1399 2473 1316
1424 2450 1550 2483 pronus
1573 2440 1613 2473 D.

262 2500 355 2530 1320
389 2501 551 2541 praeterit
577 2501 615 2533 C.
653 2503 750 2535 unius
784 2502 888 2535 horae
922 2509 1082 2546 punctum
1118 2503 1334 2534 cautissimus
1358 2501 1398 2534 Β.
1435 2501 1556 2533 Fretus
1582 2503 1616 2532 et

264 2557 362 2599 hujus
389 2570 450 2601 per
475 2567 636 2603 punctum
665 2563 879 2596 cautissimus
904 2563 1004 2596 heros
1032 2565 1072 2598 D.
1149 2566 1235 2595 1321
1265 2562 1431 2604 indignari
1458 2562 1497 2595 D.
1536 2571 1615 2603 pre-

261 2623 414 2650 senserat
434 2621 473 2651 A.
527 2624 617 2653 1322
640 2623 784 2665 Hagano
803 2624 844 2658 B.
897 2627 987 2656 1323
1009 2625 1051 2656 ab
1073 2625 1162 2656 iectu
1179 2624 1220 2656 Β.
1276 2625 1365 2654 1328
1384 2622 1556 2663 porigeret
1577 2620 1616 2652 D.

264 2678 355 2708 1329
385 2677 577 2720 bellumque
607 2687 774 2716 restaurat
802 2694 953 2717 amarum
980 2685 1020 2716 D.
1098 2686 1189 2716 1332
1215 2682 1436 2725 stupidusque
1463 2681 1503 2713 B.
