1721 2938
247 126 298 167 10
669 125 1168 169 WAL'PHARIUS.

384 279 436 318 Et
462 278 627 318 tandem
659 277 807 316 ductor
835 291 982 318 recavo
1013 287 1132 318 vocat
1160 280 1319 329 agmina
1348 295 1490 321 cornu.

382 351 440 389 Ac
470 350 627 401 primus
661 349 836 388 frontem
867 351 969 389 festa
999 364 1091 389 cum
1122 349 1268 389 fronde
1297 352 1498 402 revinxit,

239 428 322 463 210
380 422 551 460 Victrici
582 422 699 459 lauro
733 422 897 471 cingens
929 435 1003 460 sua
1034 430 1220 473 tempora
1250 425 1398 473 vulgo3

378 495 475 532 Post
506 493 616 530 hunc
648 492 852 542 signiferi,
885 494 1073 545 sequitur
1103 507 1207 545 quos
1239 502 1372 532 cetera
1402 495 1548 545 pubes.

375 565 547 617 Jamque
578 564 819 616 triumphali
849 564 1059 604 redierunt
1091 574 1300 605 stemmate
1329 570 1482 618 compti

375 637 426 676 Et
457 637 630 689 patriam
663 638 854 687 ingressi,
893 637 1065 688 propria
1093 651 1134 675 se
1167 639 1342 690 quisque
1373 638 1524 678 locavit

379 708 498 748 Sede.
556 708 625 748 sed
659 709 709 748 ad
742 710 890 747 solium
922 723 1019 748 mox
1050 710 1312 749 waltharius
1342 712 1593 762 properavit.

236 792 317 828 215
340 763 464 824 Ecce
494 783 667 836 palatini
699 782 924 822 decurrunt
953 798 1044 823 arce
1074 785 1272 831 ministri,

375 859 489 897 Illius
516 865 682 907 aspectu
717 855 887 904 hilares,
931 856 1195 908 equitemque
1226 857 1442 905 tenebant,

373 928 518 966 Donec
536 927 600 967 vir
630 927 727 964 sella
760 926 1026 966 descenderet
1056 927 1220 965 inclitus
1256 929 1350 967 alta.

372 999 417 1038 Si
447 1001 552 1038 bene
582 1012 648 1038 res
678 997 879 1048 vergant?
910 1007 998 1037 tum
1030 997 1194 1037 demum
1223 1000 1329 1038 forte
1358 999 1591 1053 requirunt.

373 1073 446 1111 Ille
479 1069 634 1124 aliquid
663 1071 870 1109 modicum
902 1085 1077 1109 narrans
1107 1072 1333 1112 intraverat
1363 1074 1523 1124 aulam3

231 1149 313 1184 220
370 1144 522 1183 Lassus
554 1144 662 1182 enim
681 1144 852 1190 suerat,
883 1144 1072 1195 regisque
1102 1145 1234 1183 cubile
1263 1147 1442 1196 petebat.

374 1215 462 1254 Illic
492 1213 760 1265 Hiltgundem
791 1216 917 1255 solam
954 1215 1125 1255 offendit
1154 1215 1426 1267 residentem3

373 1287 451 1326 Cui
480 1295 574 1338 post
605 1288 819 1338 amplexus
847 1296 969 1340 atque
1002 1290 1141 1328 oscula
1172 1288 1306 1327 dulcia
1337 1288 1440 1328 dixit

371 1357 520 1399 ‘Ocius
553 1360 633 1397 huc
668 1367 813 1410 potum
845 1361 972 1409 ferto,
1013 1362 1110 1413 quia
1141 1362 1272 1400 sessus
1303 1362 1478 1401 anhelo.'

371 1432 447 1470 Illa
476 1445 591 1470 mero
622 1433 764 1470 tallum
798 1432 1020 1483 complevit
1048 1446 1146 1471 mox
1178 1434 1427 1483 pretiosum,

228 1508 310 1543 225
370 1503 645 1556 Porrexitque
675 1504 790 1551 viro,
822 1504 894 1556 qui
926 1504 1088 1554 signans
1119 1505 1363 1555 accipiebat,

366 1577 690 1627 Virgineamque
720 1589 887 1614 manum
926 1576 1098 1626 propria
1135 1578 1394 1617 constrinxit.
1453 1587 1491 1618 at
1516 1580 1586 1620 illa

367 1647 525 1694 Astitit‚
557 1654 595 1684 et
624 1647 784 1684 vultum
815 1645 991 1684 reticens
1022 1646 1198 1685 intendit
1226 1648 1424 1699 herilem,

368 1717 715 1769 VValthariusque
747 1717 892 1756 bibens
924 1733 1100 1758 vacuum
1131 1733 1200 1758 vas
1226 1721 1400 1772 porrigit
1430 1722 1522 1771 olli,

366 1788 501 1827 Ambo
534 1788 682 1827 etenim
715 1798 867 1828 norant
900 1789 949 1828 de
981 1805 1022 1830 se
1054 1791 1262 1842 sponsalia
1292 1793 1413 1832 facta.

226 1863 309 1897 230
368 1860 572 1899 Provocat
603 1868 643 1898 et
674 1861 745 1898 tali
778 1875 912 1899 caram
944 1875 1134 1900 sermone
1165 1864 1346 1913 puellam

365 1931 568 1969 ‘Exilium
599 1934 755 1982 pariter
786 1933 968 1983 patimur
996 1937 1075 1982 jam
1108 1942 1294 1985 tempore
1322 1943 1457 1987 tanto,

360 2002 460 2042 Non
489 2005 748 2053 ignorantes,
791 2004 890 2055 quid
923 2006 1053 2043 nostri
1084 2006 1190 2044 sorte
1220 2016 1411 2058 parentes

365 2071 479 2108 Inter
511 2085 553 2110 se
585 2080 726 2110 nostra
756 2071 805 2109 de
834 2085 879 2110 re
910 2073 1044 2111 secere
1074 2073 1228 2117 futura.

363 2140 502 2189 Quare
533 2141 602 2180 diu
635 2145 757 2181 tacito
790 2145 1014 2194 premimus
1045 2144 1146 2182 haec
1174 2146 1263 2195 ipsa
1294 2143 1486 2195 palato?'

221 2217 303 2252 235
363 2213 504 2263 Virgo,
536 2228 610 2265 per
632 2214 837 2253 hironiam
860 2214 1060 2253 meditans
1082 2216 1181 2254 haec
1203 2214 1336 2254 dicere
1367 2230 1577 2269 sponsum,

360 2285 537 2323 Paulum
568 2286 785 2336 conticuit,
823 2285 891 2325 sed
925 2294 1067 2338 postea
1096 2289 1192 2326 talia
1221 2287 1379 2327 reddit:

313 2402 384 2431 208
409 2409 530 2433 recavo
557 2399 679 2433 ductor
703 2401 745 2434 D.
819 2403 890 2433 216
915 2402 1047 2443 equites
1075 2402 1112 2434 C.
1186 2403 1266 2434 219.
1295 2401 1363 2436 Qui
1391 2405 1520 2436 tantum
1545 2403 1573 2438 Ι.

217 2461 287 2491 224
311 2461 448 2493 calicem
468 2461 509 2494 D.
559 2462 628 2493 227
652 2461 830 2503 conspexit
850 2461 891 2495 D.
941 2464 1011 2494 230
1038 2472 1151 2496 caram
1172 2463 1229 2495 tali
1248 2463 1288 2496 D.
1338 2465 1405 2495 231
1430 2464 1576 2506 patimur

219 2521 345 2561 pariter
371 2520 396 2562 j.
421 2527 443 2554 t.
472 2522 573 2563 longo
606 2521 647 2553 D.
670 2521 696 2553 1.
770 2523 840 2553 232
873 2522 1067 2563 ignoramus
1093 2523 1180 2555 enim
1208 2523 1298 2564 quod
1332 2525 1438 2556 nostri
1464 2534 1586 2565 quon-v

219 2580 295 2612 dam
321 2580 366 2614 H.
451 2583 521 2615 234
554 2592 653 2623 quam
680 2592 721 2615 ne
748 2582 788 2616 A.
824 2581 904 2624 quid
930 2592 973 2617 ne
999 2582 1040 2617 D.
1077 2593 1177 2625 quam
1208 2583 1264 2616 diu
1290 2593 1351 2616 nos
1377 2587 1401 2618 t.
1425 2595 1455 2628 pr
1493 2588 1571 2616 tuuc

217 2640 237 2674 i.
266 2652 297 2682 p.
324 2640 352 2673 l.
422 2643 491 2675 236
526 2642 612 2676 dixit
638 2643 678 2676 D.
