1721 2938
215 124 300 165 246
437 155 444 161 .
725 121 1061 164 ECBASIS.

357 275 516 314 Nititur
548 283 633 314 arte
666 275 807 326 fugae,
849 288 934 329 quo
969 277 1095 329 possit
1127 291 1292 317 currere
1322 281 1416 330 late,

363 346 574 397 Masticat,
609 347 744 397 lingit,
777 347 939 387 tandem
971 349 1026 388 sic
1057 363 1130 389 ora
1163 352 1346 401 resolvit,

220 426 272 458 90
359 419 527 460 Prosilit
561 427 598 458 et
631 418 814 470 plaudit,
846 427 990 460 tenero
1022 430 1170 460 terram
1201 421 1303 474 pede
1335 423 1484 475 tundit,

360 490 572 541 Mugitnm
601 489 815 542 reprimit,
845 491 1061 530 vernantia
1095 502 1209 544 prata
1241 495 1393 534 revisit.

359 561 562 602 Concessa
598 570 656 601 est
687 563 827 614 pecori
858 563 1024 603 libertas
1053 564 1187 603 laxior
1217 565 1287 613 illi,

358 633 567 674 Scandere
599 648 669 674 seu
701 636 820 676 laevo
852 636 964 675 malit
992 649 1064 675 seu
1107 637 1266 675 tramite
1298 636 1457 688 dextro,

360 707 531 747 Sumere
563 721 635 746 seu
667 708 852 760 requiem
884 721 954 747 seu
991 709 1232 749 continuare
1270 711 1470 751 laborem.

219 788 271 823 95
361 782 541 823 Cursitat
569 784 636 822 ille
667 792 873 835 strepens,
904 786 1072 837 paribus
1105 800 1351 827 concurrere
1377 788 1572 840 gaudenS,

361 856 473 895 Haec
501 869 591 895 cum
624 856 800 904 fastidit,
829 857 954 896 silvae
987 859 1185 896 tutamina
1218 862 1393 911 quaerit.

281 911 441 980 Hujus
470 931 511 969 in
551 942 766 971 occursum
798 931 1038 972 forstrarius
1073 934 1179 971 elicit
1209 948 1394 986 ymnum,

359 1001 493 1040 Moris
524 1009 569 1040 ut
600 1009 659 1040 est
688 1001 901 1041 monachis
928 1003 1051 1052 longo
1085 1002 1133 1040 de
1165 1005 1266 1042 calle
1297 1007 1498 1046 reversis:

359 1073 432 1114 ‘Sit
462 1074 622 1124 salvus,
653 1073 837 1122 Christe,
869 1087 1036 1124 servus,
1078 1075 1151 1127 qui
1183 1077 1356 1116 mittitur
1387 1077 1436 1117 ad
1471 1093 1548 1128 me,

221 1152 302 1189 100
360 1147 420 1186 Te
451 1146 547 1185 fisus
580 1144 749 1185 domino
779 1147 955 1185 laetetur
985 1155 1111 1188 semet
1149 1147 1191 1185 in
1233 1148 1337 1200 ipso.

359 1220 437 1259 Hic
471 1219 594 1257 habet
626 1218 851 1270 hospitium
883 1219 1014 1258 noctis
1045 1220 1121 1259 sub
1152 1235 1251 1272 pace
1284 1223 1484 1276 quietum,

355 1292 441 1331 Has
473 1299 632 1330 nostras
663 1299 755 1342 post
786 1305 872 1331 cras
900 1293 1074 1331 sacrabit
1104 1300 1286 1344 tempore
1319 1308 1500 1347 mensas3

357 1364 440 1415 Qui
470 1378 635 1417 peccare
664 1366 792 1413 valet,
828 1365 936 1402 valet
964 1373 1001 1403 et
1031 1367 1297 1405 succumbere
1326 1373 1513 1419 poenae.’

356 1436 546 1488 Moxque
577 1449 823 1476 cavernosos
854 1439 988 1484 jussus
1020 1446 1235 1487 penetrare
1270 1452 1454 1480 recessus

219 1511 300 1546 105
358 1508 539 1547 Ducitur
568 1506 618 1545 ad
650 1509 778 1546 lustra
811 1510 941 1546 multo
974 1509 1131 1547 foetore
1160 1510 1325 1550 referta.

298 1564 446 1621 Tunc
473 1582 609 1633 lupus,
641 1581 691 1620 ad
720 1581 881 1620 libitum
915 1596 1002 1621 sese
1032 1583 1179 1622 satiare
1208 1585 1383 1635 gavisus,

357 1657 518 1697 Extulit
548 1657 659 1694 hunc
689 1670 856 1696 versum
891 1667 1034 1697 cuncta
1065 1658 1214 1709 pietate
1246 1669 1481 1710 perustum:

361 1730 514 1769 ‘Dicito
546 1728 645 1782 quid
678 1729 841 1778 venias,
873 1744 956 1782 qua
986 1742 1062 1768 nos
1092 1731 1251 1774 ratione
1282 1733 1470 1774 revisas?

357 1801 423 1840 Tu
456 1802 558 1840 mihi
591 1816 728 1851 nuno,
759 1800 902 1849 sodes,
934 1810 1098 1854 optatus
1131 1801 1275 1842 diceris
1306 1806 1470 1858 hospes.

222 1877 301 1914 110
358 1871 524 1912 Laudes
556 1871 619 1911 dic
651 1874 824 1924 superis,
854 1875 980 1913 silvae
1012 1887 1144 1912 novus
1176 1875 1309 1913 incola
1340 1879 1483 1928 surgis,

363 1946 428 1984 Tu
460 1958 647 1984 recreare
677 1946 793 1985 venis
825 1954 1035 1984 tenuatum
1068 1959 1218 1997 corpus
1249 1948 1300 1984 ab
1333 1951 1457 1989 escis:

355 2017 520 2057 Tertius
553 2026 612 2056 est
644 2019 818 2064 mensis,
858 2017 970 2071 quod
1007 2019 1187 2058 frustror
1215 2027 1377 2058 nectare
1405 2022 1553 2072 carnis,

355 2087 443 2126 Nec
473 2088 660 2127 hiberam
693 2098 850 2128 eratum
883 2090 1051 2141 pecudis
1081 2090 1130 2129 de
1161 2092 1358 2142 sanguine
1383 2093 1570 2136 tinctum.

359 2158 465 2198 Cum
497 2170 797 2212 prorepserunt
819 2163 962 2213 primis
993 2163 1185 2201 animalia
1215 2165 1348 2214 terris,

224 2236 305 2272 115
363 2232 529 2273 Mutum
561 2241 600 2271 et
627 2234 780 2284 pingue
810 2247 934 2284 pecus
965 2235 1085 2274 nobis
1120 2236 1391 2275 fabricaverat
1420 2250 1533 2277 usus.

361 2302 532 2344 Ordinis
561 2312 621 2342 est
650 2304 802 2352 virtus,
842 2306 1027 2355 placetur
1056 2307 1252 2356 sanguine
1284 2306 1428 2347 divuS.’

333 2360 498 2432 Incipit
526 2380 627 2418 haec
673 2379 827 2419 vitulus
859 2377 1090 2429 singultim,
1123 2395 1254 2432 pauca
1284 2382 1496 2434 loquutus,

358 2457 502 2498 Infans
532 2469 711 2509 namque
741 2453 878 2508 pudor
907 2455 1154 2506 prohibebat
1183 2458 1304 2509 plura
1331 2457 1501 2509 profari.

730 2527 882 2567 vitulus
912 2541 1062 2569 secum.

359 2599 552 2652 ntupum«,
582 2600 767 2651 ingentes
799 2601 870 2653 qui
905 2599 975 2641 das
1002 2600 1230 2656 adimisque
1260 2603 1436 2652 labores,

225 2675 302 2710 120
363 2673 541 2713 Peccatis
573 2680 755 2722 noctem,
789 2673 889 2726 quin
920 2673 1135 2715 fraudibus
1166 2675 1282 2716 obice
1313 2675 1477 2717 nubem.
