1721 2938
224 117 274 157 18
648 114 1141 156 WAL'PHARIUS.

362 270 466 312 Orta
497 267 582 306 dies
613 273 830 317 postquam
863 265 1053 303 tenebras
1085 264 1328 306 discusserat
1358 275 1490 316 atras,

361 342 540 381 Portitor
571 348 796 386 exsurgens
830 336 1056 387 praefatam
1089 337 1200 376 venit
1232 338 1275 376 in
1308 340 1474 389 urbem,

363 411 587 462 Regalique
617 421 734 457 coco,
774 408 1030 460 reliquorum
1063 409 1218 462 quippe
1248 409 1462 460 magistro,

362 482 580 521 Detulerat
611 480 766 531 pisces,
810 494 915 532 quos
947 480 1011 520 vir
1041 479 1151 520 dedit
1181 481 1249 519 ille
1279 482 1426 521 viator.

226 559 307 595 440
368 555 455 593 Hos
488 567 578 593 cum
610 551 827 603 pigmentis
861 552 1064 593 condisset
1093 560 1131 592 et
1161 553 1418 605 apposuisset

363 626 466 678 Regi
500 625 756 673 Guuthario,
796 625 967 663 miratus
1002 625 1111 664 fatur
1137 626 1187 663 ab
1219 627 1300 665 alto

354 700 364 720 ‘
383 697 505 736 Istius
535 710 630 747 ergo
661 695 774 735 modi
806 696 936 747 pisces
966 696 1068 736 mihi
1097 696 1272 736 Francia
1301 711 1514 751 nunquam

360 766 572 816 Ostendit,
615 779 712 805 reor
744 767 923 805 externis
955 781 978 805 a
1005 765 1157 806 finibus
1185 767 1291 807 illos.

363 839 441 877 Dic
472 838 575 876 mihi
606 836 871 889 quantocius,
913 842 1021 889 cujas
1053 838 1179 878 homo
1209 838 1353 878 detulit
1381 838 1473 878 illos
1486 836 1530 876 ’θ’

218 913 299 952 445
360 911 537 962 Ipseque
569 906 825 959 respondens
857 917 997 947 narrat
1028 908 1141 961 quod
1171 919 1296 950 nauta
1329 909 1518 950 dedisset.

360 980 570 1021 Aec‹÷1·si1—e
601 979 812 1018 hominem
845 981 1036 1032 princeps
1069 981 1277 1032 praecepit
1312 979 1503 1020 eundem.

356 1054 461 1104 Qui,
498 1066 588 1093 cum
618 1051 817 1100 venisset,
853 1050 901 1090 de
930 1066 974 1091 re
1004 1052 1212 1105 quaesitus
1243 1052 1383 1092 eadem

353 1125 470 1163 Talia
503 1123 608 1163 dicta
639 1122 749 1163 dedit
779 1138 1026 1177 causamque
1057 1138 1108 1164 ex
1138 1123 1283 1164 ordine
1314 1123 1458 1176 pandit

353 1198 556 1249 ‘Vespere
586 1196 808 1248 praeterito
842 1197 1073 1237 residebam
1101 1197 1222 1237 litore
1253 1197 1411 1245 Rheni,

217 1269 298 1306 450
360 1266 652 1318 Conspexique
684 1266 882 1307 viatorem
914 1282 1091 1321 propere
1122 1267 1381 1317 venientem,

358 1341 408 1378 Et
440 1340 568 1380 veluti
598 1353 760 1390 pugnae
792 1349 945 1379 certum
977 1354 1052 1392 per
1080 1341 1265 1380 membra
1295 1349 1506 1393 paratum3

355 1411 462 1449 Aere
492 1410 640 1449 etenim
670 1409 835 1461 penitus
869 1411 1024 1460 suerat,
1063 1426 1138 1451 rex
1168 1411 1327 1461 inclite,
1367 1411 1538 1452 cinctus.

358 1483 548 1521 Gesserat
578 1491 615 1521 et
649 1491 807 1521 scutum
838 1482 1025 1534 gradiens
1055 1485 1295 1536 hastamque
1326 1496 1550 1522 coruscam.

356 1554 548 1607 Namque
578 1554 668 1594 viro
700 1555 796 1594 forti
827 1554 968 1594 similis
1000 1555 1075 1594 fuit
1108 1563 1169 1605 et,
1206 1554 1300 1595 licet
1330 1554 1472 1606 ingens

216 1629 297 1668 455
357 1628 599 1679 Asportaret
632 1640 762 1675 onus,
799 1640 980 1677 gressum
1011 1635 1146 1666 tamen
1180 1627 1326 1667 extulit
1358 1642 1507 1668 acrem.

362 1700 484 1739 Hunc
515 1697 747 1738 incredibili
775 1699 932 1738 formae
964 1698 1154 1740 decorata
1182 1701 1317 1741 nitore

351 1771 618 1824 Assequitur‚
649 1771 880 1824 calcemque
912 1773 1004 1811 terit
1032 1775 1112 1822 jam
1144 1773 1251 1812 calce
1281 1773 1431 1824 puella.

355 1844 531 1896 Ipsaque
562 1844 778 1883 robustum
810 1844 917 1883 rexit
946 1858 1021 1895 per
1050 1845 1138 1884 lora
1168 1843 1388 1891 cavallum,

357 1913 516 1954 Scrinia
542 1915 640 1953 bina
667 1914 832 1968 quidem
864 1915 987 1954 dorso
1017 1929 1098 1956 non
1129 1930 1258 1968 parva
1288 1916 1509 1962 ferentem,

217 1990 300 2025 460
361 1985 502 2035 Quae,
543 1984 640 2025 dum
673 1988 870 2026 cervicem
903 1989 1067 2039 sonipes
1100 1986 1333 2026 discusserit
1363 1987 1508 2034 altam,

357 2060 492 2111 Atque
522 2060 697 2111 superba
729 2059 839 2111 cupit
874 2061 1102 2112 glomerare
1132 2060 1344 2101 volumina
1374 2072 1562 2113 crurum,

353 2130 468 2169 Dant
500 2131 701 2181 sonitum,
745 2145 818 2170 ceu
851 2131 941 2183 quis
973 2133 1140 2182 gemmis
1170 2130 1328 2171 illiserit
1361 2142 1521 2168 aurum.

354 2202 430 2240 Hic
463 2203 561 2241 mihi
597 2209 832 2254 praesentes
864 2200 1029 2241 dederat
1059 2217 1136 2254 pro
1168 2215 1338 2241 munere
1368 2199 1531 2252 pisces.’

301 2258 397 2315 His
428 2277 599 2327 Hagano
635 2274 806 2325 auditis,
838 2274 887 2314 ad
925 2290 1105 2316 mensam
1141 2276 1294 2330 quippe
1324 2273 1494 2323 resedit,

306 2402 376 2434 438
401 2411 505 2435 cocco
531 2403 570 2436 A.
608 2413 718 2445 quoco
749 2402 789 2435 B.
863 2403 931 2434 440
956 2401 1033 2433 dum
1064 2399 1103 2433 B.
1125 2399 1150 2432 1.
1207 2401 1276 2432 442
1303 2399 1441 2431 istiusce
1467 2398 1558 2432 modi

211 2470 379 2503 nunquam
406 2473 450 2496 m.
472 2462 512 2496 F.
552 2463 660 2506 pisces
687 2463 726 2496 C.
800 2464 867 2495 442
894 2466 1019 2502 quanto
1045 2461 1139 2494 ocius
1164 2460 1257 2492 cuias
1283 2460 1346 2492 liuc
1374 2460 1413 2494 C.
1451 2470 1559 2502 quan-

211 2522 306 2554 titius
332 2522 371 2556 B.
422 2525 489 2556 447
517 2528 551 2556 et
575 2534 651 2557 cum
674 2525 713 2556 Α.
733 2523 758 2554 1.
810 2524 878 2554 452
904 2525 1044 2554 cunctus
1068 2526 1105 2555 A.
1142 2522 1253 2553 intulit
1278 2521 1304 2555 l.
1354 2523 1422 2553 456
1450 2520 1556 2553 forma

211 2582 243 2615 d.
266 2583 377 2624 puella
397 2584 436 2616 C.
486 2587 553 2617 457
579 2585 673 2617 calce
699 2588 815 2616 natore
840 2583 878 2615 C.
939 2584 1010 2614 458
1035 2582 1201 2614 caballum
1231 2581 1269 2614 Β.
1331 2583 1400 2613 460
1424 2580 1556 2613 discus-

210 2647 301 2675 serat
327 2643 366 2676 C.
427 2646 491 2676 461
521 2650 555 2678 at
582 2645 621 2679 Β.
658 2644 738 2678 furit
761 2643 808 2685 gl.
828 2653 859 2677 v,
885 2653 985 2676 curru
1009 2643 1034 2676 l.
1095 2645 1163 2675 462
1186 2641 1328 2685 geminis
1353 2642 1493 2675 illiserat
1513 2640 1553 2674 C.
