1721 2938
226 116 307 158 140

552 116 956 158 RUODLIEB
1020 117 1166 172 fragm.
1189 118 1239 160 Π.

222 273 305 309 210
364 269 508 308 Multis
538 267 796 319 priucipibus
831 268 952 308 nimis
983 267 1023 307 id
1054 267 1296 309 mirantibus
1329 273 1428 320 ejus.

64 1063 123 1097 sol.
144 1062 201 1100 δῖ).

362 343 400 380 Is
434 340 532 378 mihi
565 338 757 391 deponit,
796 340 874 379 sibi
903 354 967 379 me
999 340 1205 392 deponere
1236 342 1295 380 nil
1323 344 1422 391 vult,

365 414 414 451 Et
442 411 510 451 dat
542 426 648 465 quae
679 413 830 464 posuit«,
864 413 968 464 [pisa
1001 412 1112 465 quot]
1146 414 1332 465 non]una
1360 416 1567 455 remansit.

359 486 505 524 Plures
536 484 771 534 succedunt,
801 486 911 524 hunc
942 486 1081 524 ulcisci
1109 487 1344 536 voluerunt,

361 556 540 607 Pignora
571 547 838 608 praebentes,
879 572 967 596 mea
998 558 1171 609 pignora
1202 557 1483 610 despicientes,

362 628 541 668 Perdere
573 630 630 667 nil
662 630 785 679 ceni,
824 629 972 668 dubiae
1004 630 1065 668 [isi
1094 632 1199 670 bene
1231 631 1344 673 sorti.

360 701 698 753 Alterutrumque
717 705 872 750 juvant,
887 701 1142 753 nimiumque
1156 700 1339 750 juvando
1353 702 1570 741 nocebant.

359 772 752 823 I'rmpediebantur,
783 774 896 812 varie
932 772 1028 812 dum
1064 775 1346 823 consiliantur,

358 845 470 884 Inter
498 846 671 896 litigium
705 846 783 884 cito
814 847 1029 885 vincebam
1063 846 1175 899 quod
1209 861 1351 886 eorum

355 917 447 956 Hoc
474 918 606 956 tribus
638 925 676 955 et
702 917 874 965 vicibus,
905 919 1021 957 volui
1051 933 1153 957 nam
1175 918 1319 957 ludere
1346 932 1427 958 non
1463 920 1567 970 plus.

360 987 475 1036 Quae
508 988 794 1040 deponebant,
827 990 928 1028 mihi
958 1004 1055 1029 mox
1088 990 1243 1029 donare
1275 993 1480 1032 volebant.

357 1062 498 1100 Primo
528 1075 792 1113 respueram,
823 1063 1013 1102 vitiosum
1049 1077 1228 1116 namque
1258 1065 1456 1115 putabam

357 1133 423 1173 Sic
454 1148 518 1173 me
550 1134 694 1184 ditari,
733 1136 799 1176 vel
831 1149 900 1175 eos
934 1151 1010 1188 per
1039 1151 1102 1175 nie
1131 1138 1307 1175 tenuari.

355 1206 480 1245 Dixi:
526 1208 636 1246 “non
674 1209 790 1249 suevi
821 1209 1040 1261 quicquam
1076 1207 1260 1247 ludendo
1293 1206 1484 1245 lucrari.'’

360 1279 542 1318 Dicunt:
581 1280 715 1319 “inter
746 1294 820 1319 uos
853 1280 950 1320 dum
982 1281 1060 1330 siS,
1092 1289 1135 1319 tu
1168 1282 1259 1320 vive
1295 1282 1405 1319 velut
1437 1293 1527 1319 nos.

358 1348 537 1398 Quando
558 1349 727 1390 domum
757 1353 912 1402 venias,
942 1353 999 1391 ibi
1030 1354 1169 1392 vivere
1201 1352 1292 1405 quis
1323 1352 1450 1393 veluti
1470 1351 1570 1391 vis.’'

357 1421 463 1462 Cum
495 1432 556 1462 sat
584 1424 795 1476 lorisregi,
827 1439 933 1478 quae
960 1439 1186 1477 porrexere
1218 1426 1356 1476 recepi

360 1494 589 1534 Commoda
628 1510 718 1535 cuni
750 1496 872 1534 laude
904 1498 1003 1535 mihi
1037 1499 1199 1537 fortuna
1246 1492 1482 1536 tribuente.’
1512 1519 1566 1526 —

350 1568 441 1607 Rex
469 1570 546 1608 ait:
575 1569 698 1607 ‘hunc
720 1567 863 1607 ludum
884 1570 957 1608 tibi
982 1583 1128 1608 censeo
1149 1583 1311 1621 semper
1331 1570 1566 1619 amandum,

357 1639 450 1688 Quo
483 1649 579 1680 sunt
611 1642 760 1680 sarcita
791 1649 862 1679 tua
892 1649 971 1680 tam
1008 1643 1114 1681 bene
1148 1643 1436 1693 calciamenta3

354 1713 476 1751 Nunc
488 1722 619 1764 grates
632 1714 798 1763 habeas,
818 1727 959 1752 causas
976 1713 1086 1766 quod
1104 1714 1185 1766 agis
1201 1717 1305 1754 hene
1323 1715 1566 1755 nostras!—

352 1786 469 1825 Misit
500 1794 537 1825 et
568 1785 618 1824 ad
652 1800 855 1839 quosque,
888 1787 958 1839 qui
991 1787 1172 1839 captivos
1202 1789 1400 1836 habuere,

352 1859 440 1898 Hos
470 1868 515 1898 ut
544 1860 764 1907 vestirent,
797 1858 846 1897 ad
878 1861 1077 1898 honorem
1115 1860 1180 1899 vel
1214 1860 1292 1898 sibi
1320 1859 1510 1908 reddant,

349 1929 453 1980 Ipsis
491 1943 595 1982 quos
634 1928 791 1981 pedites
823 1931 957 1979 misit,
991 1929 1165 1969 reddant
1196 1939 1240 1970 ut
1271 1939 1497 1984 equestres,

348 2001 525 2053 Insuper
555 2010 735 2041 armatos
766 2004 879 2041 velut
914 2001 963 2041 ad
999 2018 1108 2043 nova
1148 2004 1254 2043 bella
1286 2011 1464 2056 paratos.

355 2102 536 2114 .....
566 2076 764 2127 piumque
797 2104 806 2113 .
838 2104 847 2114 .
879 2105 889 2114 .
922 2104 932 2114 .
965 2105 974 2114 .
1005 2076 1127 2114 simul
1158 2105 1168 2115 .
1199 2104 1208 2114 .
1242 2103 1251 2113 .
1283 2105 1293 2115 .

349 2145 529 2184 Vestivit
558 2147 745 2185 comitem
779 2148 892 2186 velut
930 2161 981 2184 ex
1009 2134 1280 2187 summatibus
1311 2163 1440 2187 unum

355 2217 471 2256 Binis
502 2218 673 2269 pelliciis
706 2220 896 2270 pretiosis
928 2227 1071 2272 totque
1102 2220 1358 2269 chrusennis,

353 2288 594 2328 Coccineam
632 2291 810 2329 tunicam
841 2291 1009 2341 gemmis
1040 2305 1225 2344 auroque
1261 2291 1477 2330 micantem

306 2529 377 2560 224
415 2526 531 2560 diesen
559 2536 635 2559 vers
661 2529 752 2559 setzt
777 2525 839 2559 der
865 2527 1033 2560 versasser
1057 2537 1099 2560 an
1135 2526 1199 2559 den
1241 2525 1323 2559 rand
1350 2525 1403 2559 fiir
1428 2525 1492 2558 den
1519 2526 1563 2559 im

214 2591 287 2621 text
313 2587 579 2629 geschriebnen:
617 2588 735 2621 Donec
768 2587 857 2621 inter
895 2598 956 2621 nos
989 2588 1051 2627 sis,
1099 2587 1149 2620 sac
1184 2587 1236 2621 vel
1271 2587 1345 2621 vive
1371 2588 1463 2620 velut
1490 2597 1562 2620 1105.

307 2668 377 2699 226
415 2666 469 2699 bei
495 2664 660 2711 Iorifregi
685 2676 738 2700 am
766 2667 847 2701 rand
876 2666 1138 2712 :ugilprechoto
1176 2666 1240 2708 (—
1267 2666 1371 2710 ota?)
