1721 2938
285 383 380 417 203.

277 1244 374 1279 206.

280 1534 376 1568 207.

282 2107 380 2142 209.

662 83 966 126 UNIBOS.

442 234 535 272 Suis
569 244 805 286 quassantes
835 235 1007 287 genibus

440 305 644 345 Subsellia
673 307 914 358 poplitibus.

437 377 630 417 Formam
663 377 802 416 vident
840 378 1033 418 unibovis

437 449 604 489 Porcini
634 448 854 490 ductricem
886 451 1031 502 gregis,

437 523 577 574 Ipsum
606 520 678 560 sed
712 535 797 561 esse
826 536 910 561 non
942 532 1102 575 putant,

440 592 648 634 Occidisse
676 602 937 646 putaverant.

370 695 380 705 .
438 667 755 716 Recognoscunt
785 666 1023 717 unibovem,

436 735 592 776 Vident
629 750 852 788 porcorum
883 735 1064 786 divitem,

435 810 721 859 Interrogant,
752 809 843 861 quis
874 806 1033 848 dederit

437 879 517 919 Tot
547 893 722 931 porcos,
765 887 834 919 aut
862 876 1128 918 vendiderit?

366 979 376 990 .
434 951 674 1003 Respondet
705 953 792 990 ‘sub
825 950 1014 1002 prodigio

437 1023 567 1061 Maris
597 1022 901 1075 praecipitatio;

439 1094 504 1134 Ad
536 1109 709 1146 regnum
744 1094 1024 1134 felicissimum

440 1167 519 1208 Fui
551 1181 625 1220 per
654 1167 959 1219 praecipitium.

432 1238 532 1278 Inde
564 1254 779 1293 nunquam
811 1237 1060 1287 recederem,

438 1310 482 1351 Si
513 1325 597 1350 non
637 1324 836 1351 amassem
869 1313 1095 1362 conjugem,

442 1382 574 1432 Quam
608 1383 764 1425 vidistis
795 1396 1010 1434 resurgere

440 1455 611 1495 Veracis
646 1456 1025 1494 tubae'murmure.

434 1527 531 1567 Non
570 1527 648 1565 suit
679 1528 798 1578 culpa
830 1527 1004 1565 bucinae

440 1599 519 1638 Sed
557 1599 790 1637 bucinantis
820 1599 1009 1649 pessime,

442 1668 596 1710 Omnes
629 1670 662 1707 si
693 1677 850 1709 vestrae
880 1671 1056 1709 feminac

440 1741 570 1782 Modo
602 1750 776 1781 stertunt
806 1742 882 1781 sub
913 1743 1097 1794 pulvere.

371 1844 380 1854 .
439 1815 557 1864 Heu,
601 1828 674 1853 cur
705 1814 746 1852 in
777 1815 956 1866 pueritia

440 1887 510 1924 Me
541 1898 623 1923 non
655 1884 832 1933 jactastis
863 1884 911 1924 ad
943 1886 1046 1933 loca,

440 1956 561 1997 Unde
592 1956 692 1995 felix
722 1955 946 2008 regredior,

440 2029 643 2068 Revertor
672 2025 904 2067 eruditior?

437 2102 508 2141 Me
537 2100 714 2152 jactastis
745 2094 987 2152 per⁶odium

435 2172 499 2214 Ad
529 2172 881 2226 propitiatorium,

439 2245 524 2285 Ubi
554 2259 775 2298 porcorum
810 2251 905 2284 sunt
933 2255 1073 2294 greges

439 2319 522 2357 Per
550 2319 710 2356 nullum
741 2314 1045 2357 numerabiles?

438 2389 525 2430 Sub
562 2389 920 2437 ammirationibns

440 2461 562 2500 Prius
592 2461 686 2500 dicit
716 2461 999 2514 praepositus:

442 2531 542 2572 ‘Nos
574 2547 795 2585 pernarum
828 2547 919 2586 spes
950 2532 1103 2586 optima

437 2603 581 2643 Monet
612 2611 810 2657 temptare
850 2605 989 2645 maria.

1411 85 1494 128 379
