1721 2938
642 101 994 145 ECBASIS.
1411 103 1490 143 ‘221

284 258 369 298 Nec
396 260 536 310 regina
568 259 675 299 Saba
709 259 921 299 Salomoni
953 259 1008 298 sic
1040 259 1131 299 tulit
1161 259 1253 307 alta,

144 328 224 372 815
283 333 368 372 Nec
400 347 474 372 rex
506 334 573 371 ille
604 345 722 384 pares
755 332 891 371 avium
926 331 1105 383 possedit
1134 332 1328 371 honores.

286 405 453 444 Praeses
485 418 551 443 eas
589 405 752 449 clamet,
792 400 945 441 blando
979 402 1212 454 palpamine
1242 410 1409 451 tractet3

285 475 460 516 Accedat
489 477 647 515 merula
678 473 891 515 colludens
923 489 1016 514 cum
1045 474 1252 520 filomena,

283 547 446 599 Organa
477 561 582 601 qnae
611 547 770 585 merula
800 547 965 594 miscet,
1005 547 1179 586 luscinia
1210 548 1386 588 mulcet.'

283 618 367 668 Qui
397 633 566 670 surgens
598 618 746 666 currit,
779 617 976 668 juvenilia
1004 621 1114 667 jussa
1145 619 1316 670 peragit,

142 697 223 732 820
283 694 371 733 Hos
402 693 508 745 capit
537 693 743 743 ingressus
785 690 988 731 concinno
1018 692 1198 730 carmine
1230 693 1409 744 primns:

280 764 376 813 ‘Qui
406 779 480 804 rex
514 773 572 803 est
601 765 741 803 avium
775 765 1037 815 languentem
1064 763 1200 803 visitet
1233 765 1366 813 istum,

281 838 364 876 Det
395 838 530 885 vitam,
563 835 631 875 det
662 850 785 889 opes,
814 849 980 875 somnos
1011 843 1236 889 pastusque
1268 837 1464 886 salubres,

279 909 419 961 Erigat
450 918 683 960 aegrotum,
719 910 959 949 corroboret
989 917 1104 947 antra
1134 909 1331 957 ferarum,

279 983 496 1034 Prosperet
524 983 632 1021 linnc
658 981 844 1034 pardum,
875 981 946 1034 qui
972 990 1129 1021 tantum
1154 981 1277 1022 dellet
1303 984 1491 1024 amicum.

141 1060 219 1094 825
281 1056 412 1095 Vobis
444 1070 533 1094 ecce
566 1069 706 1094 canam
747 1063 896 1094 castam
930 1069 1160 1108 puramque
1189 1056 1380 1105 Mariam,

218 1110 253 1128 θ
279 1131 414 1181 Atque
447 1129 737 1176 Gabrihelem,
768 1129 838 1179 qui
872 1129 1029 1166 nuntiat
1062 1130 1361 1168 I‘lcmannclem

281 1201 451 1252 Virgine
481 1200 756 1249 nascendum,
799 1201 960 1239 mortali
992 1207 1113 1239 carne
1146 1202 1376 1252 tegendum,

275 1274 331 1314 Ut
359 1276 490 1315 salvet
520 1275 722 1327 populum
756 1275 909 1324 peccati
940 1273 1125 1324 pondere
1162 1278 1376 1327 pressum.’

646 1346 711 1384 leo
748 1344 978 1384 filomenae.

282 1417 423 1456 ‘Gusta
459 1425 499 1455 tn
534 1415 752 1466 modicum,
785 1415 861 1466 [nt]
890 1418 1020 1468 possis
1049 1416 1278 1469 producere
1305 1419 1493 1457 cautum?

711 1489 915 1528 filomena.

139 1564 220 1600 830
278 1559 334 1598 ‘Si
366 1558 464 1612 qnid
496 1561 779 1613 inexpertum,
822 1561 940 1601 nobis
975 1568 1160 1600 servetur
1191 1559 1241 1600 ad
1278 1563 1431 1607 imnm3

279 1630 342 1670 Ne
376 1640 508 1670 tamen
541 1640 679 1671 amoto
712 1647 958 1686 quaeramus
991 1633 1091 1671 seria
1120 1631 1235 1682 ludo,

281 1704 342 1743 Sit
373 1705 488 1743 cibus
520 1718 564 1743 ac
604 1712 727 1755 potus
759 1691 971 1755 Christus,
1015 1705 1086 1758 qni
1118 1704 1268 1745 dicitur
1300 1717 1460 1758 unctus,

279 1776 395 1815 Adsit
427 1777 470 1814 in
502 1790 573 1816 ore
604 1790 713 1826 meo,
745 1777 852 1817 dulci
886 1779 990 1817 ferat
1021 1791 1174 1829 organa
1205 1780 1388 1830 plect1·o.'

277 1850 388 1888 Haec
420 1849 596 1889 volitans
626 1851 758 1902 poscit
795 1849 990 1902 pardum,
1025 1859 1167 1889 notum
1203 1852 1282 1890 sibi
1311 1852 1416 1903 visit,

139 1927 219 1962 835
279 1921 477 1961 Consistit
507 1936 529 1960 a
560 1921 716 1961 dextris
748 1932 937 1974 repetens
968 1924 1140 1974 insignia
1174 1924 1307 1963 landis

277 1995 312 2033 A
343 1995 539 2042 natalitio,
570 2009 652 2046 qno
680 1997 856 2047 concipit
885 1997 1043 2034 innuba
1073 1997 1202 2047 virgo,

276 2066 416 2118 Usque
434 2080 593 2105 sacrum
617 2066 779 2116 ssamcn,
803 2081 884 2120 qno
905 2077 1062 2107 certum
1078 2079 1133 2109 est
1151 2069 1292 2109 adfore
1309 2071 1488 2110 missum.

277 2138 490 2180 Concentu
524 2140 643 2191 parili
679 2149 930 2179 memoratur
959 2142 1092 2192 passio
1125 2142 1291 2183 Christi.

277 2213 423 2252 Passer
451 2220 623 2266 uterque
655 2212 774 2252 deum
810 2227 970 2252 caesum
1002 2214 1069 2253 flet
1100 2216 1274 2254 verbere
1299 2215 1459 2253 Jesnm:

138 2287 219 2324 840
280 2285 490 2324 Exanimis
522 2286 675 2333 factus,
708 2284 901 2324 claudens
931 2287 1153 2338 spiramina
1188 2288 1321 2337 ssatus,

281 2356 513 2396 Commutat
543 2371 698 2405 vocem,
732 2357 828 2396 dnm
864 2360 1034 2397 turbant
1066 2360 1194 2399 tristia
1222 2358 1401 2407 landem,

277 2426 440 2479 Organa
470 2428 657 2479 divertit,
688 2429 784 2469 dum
819 2430 972 2470 Christi
1000 2433 1177 2471 vulnera
1208 2432 1374 2483 plangit,

279 2497 465 2538 Solvitur
500 2500 542 2538 in
571 2502 723 2540 luctum
756 2504 941 2542 recolens
980 2503 1191 2543 dominnm
1234 2502 1486 2552 crucifixum,

232 2659 302 2689 82⁰
328 2655 377 2689 his
405 2659 443 2690 Α.
541 2660 610 2691 829
637 2663 672 2691 ut
703 2657 938 2701 hinzugemgt.
