1721 2938
298 406 364 442 54.

295 694 361 727 55.

295 982 361 1015 56.

293 1557 358 1590 58.

293 1848 359 1880 59.

290 2132 354 2167 60.

293 2419 359 2454 61.

646 105 946 148 UNIBOS.

424 258 585 306 Quibus
617 261 747 312 placet
781 263 983 314 coemptio

425 332 521 370 Uno
548 332 706 382 signato
737 334 865 372 corio.

425 403 535 441 Dicit
562 413 678 442 sutor
706 405 920 457 ‘quantum
953 404 1060 445 dabo

416 475 506 514 Hoc
537 488 613 525 pro
646 476 801 514 bovino
835 476 1004 516 corio?’

420 545 651 597 Respondit
682 550 810 596 major
839 550 1000 589 subito:

420 619 535 657 ‘Tres
570 620 696 657 libras
727 618 778 657 da
810 620 1048 660 continuol'

420 688 548 728 Sutor
580 691 714 742 iuquit
747 693 803 730 ‘es
836 693 1000 741 ebrius‚'

419 761 556 810 Major
583 763 638 800 ait
666 764 770 800 ‘sum
802 763 955 812 fatuus,

418 834 481 871 De
514 834 643 872 tribus
673 834 788 872 libris
819 834 1032 873 minimum

417 905 511 944 Non
551 904 748 944 dimittam
783 906 1024 944 denarium.⁷

419 978 537 1016 Tunc
570 978 655 1015 infit
689 987 805 1016 sutor
839 979 1003 1016 setifer:

424 1049 480 1089 ‘Si
511 1049 610 1088 dicis
639 1051 901 1099 joculariter?

419 1122 452 1160 E
486 1130 628 1161 contra
661 1125 792 1170 major
824 1122 1024 1160 somnifer

420 1195 523 1233 Tres
556 1194 678 1233 libras
709 1195 853 1232 clamat
884 1194 1068 1232 firmiter.

422 1265 613 1316 Vulgaris
645 1264 875 1303 ammiratio

414 1336 578 1376 Sonoro
612 1352 708 1376 mox
741 1337 782 1375 su
813 1337 853 1374 in
889 1337 981 1375 soro

416 1409 486 1448 Est
519 1411 663 1460 vulgus
695 1411 734 1448 in
767 1409 1022 1460 spectaculis,

418 1481 583 1519 Relictis
615 1483 906 1521 mercimoniis.

418 1553 482 1590 Ira
521 1561 748 1592 commotus
776 1553 993 1604 presbyter

422 1625 575 1672 Maiori
611 1624 706 1663 dicit
736 1624 921 1663 duriter:

420 1697 613 1745 ‘Insulse,
646 1696 776 1735 nescis
805 1694 983 1735 vendere

417 1767 538 1816 Quod
575 1776 808 1820 praesentas
840 1768 906 1805 hic
936 1767 1111 1817 publice.

419 1843 507 1879 Hac
538 1841 651 1878 hasta
686 1839 872 1878 discerno
903 1852 1041 1877 meum

420 1914 565 1951 Trium
610 1913 808 1950 librarum
842 1911 1026 1957 corium;

416 1985 558 2032 Solve,
591 1993 730 2033 sutor,
760 1983 1059 2034 marsuppium,

419 2055 580 2095 Audisti
609 2056 737 2095 fixum
772 2055 1018 2095 numerum.'

413 2127 543 2175 Quam
578 2143 811 2168 mensuram
843 2126 1073 2168 commercii

420 2201 581 2239 Profert
611 2214 753 2240 sensus
789 2199 1033 2252 presbyteri,

414 2272 540 2311 Sutor
572 2273 802 2312 subinfert:
845 2271 1022 2311 ‘stultior

416 2345 511 2383 Non
548 2354 606 2384 est
636 2345 676 2382 iu
711 2352 819 2383 terra
853 2343 1057 2383 venditor.

416 2417 479 2454 De
511 2430 592 2468 qua
623 2416 704 2454 sint
734 2416 776 2454 hi
816 2414 1058 2467 provincia?

417 2487 564 2525 Dicant
596 2495 675 2527 tres
706 2489 746 2525 in
779 2489 1022 2538 praesentia,

417 2557 499 2605 Qui
532 2566 675 2609 putant
709 2559 834 2598 boum
869 2567 1032 2610 tergora

412 2629 659 2669 Divitiarum
692 2631 881 2670 maxima.

1395 110 1469 149 361
