1721 2938
152 262 231 297 925

149 624 229 658 930

146 982 225 1017 935

144 1405 224 1443 940

140 1836 218 1873 945

139 2272 219 2307 950

1477 114 1497 153 5ss

662 105 995 148 ECssASlS.
1416 114 1480 154 27.

291 259 347 298 Hi
378 259 556 299 lacrimis
591 258 775 307 humidi,
803 267 936 298 terrae
967 255 1016 296 de
1045 258 1216 308 pulvere
1243 259 1367 309 foedi,

292 331 396 371 Cum
428 335 540 380 jussu
572 332 691 384 pardi
721 330 877 373 vadunt
906 330 1028 368 simul
1058 343 1177 369 amne
1210 332 1339 372 lavari

289 404 486 443 Cantores
516 404 642 453 socii,
674 401 846 441 Girinda
878 401 1048 439 flumine
1076 401 1163 450 loti,

290 477 403 514 Dum
434 474 661 527 repedant,
691 488 806 526 reges
834 474 955 513 binos
986 472 1082 512 dun]
1116 474 1247 514 visere
1278 485 1445 527 certant,

289 547 384 598 Udi,
414 548 557 598 jejuni,
587 546 694 586 dicto
727 546 776 585 de
810 546 990 585 carmine
1021 546 1130 597 sessi,

288 620 400 659 Voto
435 619 644 659 communi
673 616 955 658 conscendunt
983 619 1135 657 robora
1167 620 1263 671 fagi,

292 694 404 731 Dum
435 705 594 744 pennas
625 699 784 743 aptant,
818 691 980 742 plumas
1011 705 1061 731 ex
1090 693 1176 730 sole
1200 694 1441 745 reformant,

288 763 470 801 Psitacus
500 763 699 810 accurrit,
740 774 872 812 regem
903 761 1143 812 resipiscere
1173 765 1348 814 quaerit,

289 834 441 885 Cignus
474 833 589 873 adest
616 834 736 872 etiam
768 833 997 883 languentis
1026 832 1181 873 discere
1212 836 1350 875 vitam.

292 905 501 944 Scrutanti
529 906 656 944 multa
686 903 909 956 respondet
940 905 1101 946 avicula
1143 913 1275 945 tanta:

287 980 426 1018 ‘Pasca
459 978 716 1029 resurgentis
749 974 1041 1015 celebrandum
1073 985 1133 1015 est
1167 978 1337 1018 aedibus
1368 982 1456 1019 altis

284 1048 386 1097 Quis
416 1048 504 1087 bini
535 1064 649 1100 reges
679 1047 883 1094 resident,
912 1061 1003 1086 cum
1036 1048 1164 1087 milite
1195 1049 1410 1100 prandent,

290 1121 378 1159 Vos
408 1133 509 1170 rogo
541 1120 755 1159 nobiscum
786 1120 953 1159 solvatis
991 1118 1139 1170 gaudia
1174 1123 1349 1160 vocum!

711 1199 920 1243 psytacus.

289 1261 438 1302 ‘Causa
469 1276 648 1315 namque
678 1263 739 1301 tui
773 1270 939 1313 paterer
969 1259 1203 1301 discrimina
1235 1265 1348 1314 belli,

287 1332 513 1372 Davidicae
545 1333 745 1381 citharae,
774 1331 994 1371 melodiam
1026 1347 1257 1387 prosequar
1283 1337 1384 1389 ipse.

286 1404 590 1443 Imminuentur
623 1411 734 1443 atrae
767 1404 928 1443 solenni
960 1406 1139 1445 carmine
1170 1421 1304 1456 curae,

282 1476 346 1514 Tu
380 1484 514 1515 tamen
544 1476 739 1528 incipias,
771 1485 893 1516 cantu
924 1478 1128 1528 superabo
1159 1481 1355 1531 syrenas.'

738 1549 890 1600 cignus.

277 1615 426 1658 ‘Omne
456 1632 583 1669 genus
615 1620 834 1659 hominnm
865 1623 1026 1660 vincam
1061 1621 1251 1672 clangore
1280 1623 1486 1671 tubarum,

278 1690 374 1729 Non
401 1694 518 1739 juxta
549 1692 714 1731 solitum
749 1693 1003 1732 Francorum
1038 1695 1353 1744 corniserorum,

277 1763 348 1801 Est
365 1763 467 1801 mihi
482 1764 746 1814 psalterium,
778 1765 889 1817 quod
913 1774 999 1804 erat
1020 1765 1153 1804 David
1174 1765 1488 1824 decachordum,

279 1836 418 1886 Asaph
452 1849 517 1874 me
550 1835 711 1885 (locuit,
757 1838 829 1890 qui
859 1838 1038 1888 psalmos
1069 1836 1222 1887 fingere
1250 1839 1366 1888 juvit,

280 1907 443 1959 Incipe,
474 1907 508 1946 si
538 1908 638 1961 quid
672 1910 820 1957 habes,
859 1910 1040 1960 pascales
1070 1911 1232 1962 psallito
1264 1911 1432 1953 laudes?

690 1983 928 2035 philomela.

274 2051 359 2090 ‘Est
391 2051 488 2091 hinc
516 2053 638 2105 longa
670 2056 759 2104 via,
791 2069 872 2107 qua
901 2054 1170 2106 perveniatur
1198 2054 1249 2094 ad
1278 2065 1454 2108 antrum,

276 2124 385 2164 Hinc
417 2139 558 2164 cernes
595 2128 744 2166 summi
776 2127 987 2167 volitando
1017 2127 1196 2166 culmina
1225 2129 1344 2168 tecti.‘

273 2197 480 2248 Flegmate
512 2197 681 2238 detersis
712 2201 856 2239 rostris
888 2208 1092 2252 cantuque
1126 2202 1295 2252 paratis,

280 2269 509 2309 Excutiunt
538 2272 702 2323 rapidas
735 2276 954 2322 conjuncto
986 2271 1152 2312 foedere
1183 2288 1354 2325 pennas.

277 2340 364 2380 Nec
397 2355 514 2382 mora
545 2343 826 2394 conveniunt,
852 2345 1002 2398 pinnae
1033 2346 1190 2396 fastigia
1219 2346 1441 2398 prendunt.

274 2412 448 2453 Praevia
476 2415 518 2455 fit
540 2418 710 2467 merula,
737 2416 868 2469 pardo
895 2418 1016 2457 offert
1038 2419 1136 2456 hacc
1158 2432 1267 2458 nova
1289 2429 1482 2469 monstra,

274 2482 356 2531 Qui
387 2488 512 2536 surgit
544 2489 726 2537 subitus,
772 2491 1021 2542 longinquos
1052 2493 1332 2530 osculaturus:

229 2643 297 2674 944
324 2642 582 2679 decluacordum.

1092 2715 1182 2753 18*
