1721 2938
215 106 297 148 164
498 105 847 149 RUODLIE
867 106 903 148 B
963 106 1113 162 fragm.
1139 108 1215 152 lv.
1246 110 1296 153 V.

331 257 545 309 [Censens]
582 271 658 309 pro
688 258 818 297 nihilo
850 260 1073 299 contemnit
1100 275 1220 314 eum,
1254 265 1358 304 male
1388 267 1533 305 crebro

335 328 459 382 [Cum
489 329 685 381 moechis]
718 330 849 371 stultis
878 328 1022 372 ludens
1053 330 1309 374 inhonestius
1337 334 1431 376 illis.

867 624 916 665 V.

66 763 239 805 fo!.21³.1
337 738 486 797 Panes
516 756 584 797 ille
614 765 722 797 secat
754 766 793 799 et
823 759 866 798 in
897 759 989 800 illos
1018 759 1302 809 distribuebat,

335 830 482 870 Carnis
512 830 561 870 de
597 831 706 870 senis
737 830 857 871 discis
887 833 999 887 quod
1032 841 1071 873 et
1101 832 1248 874 decidit
1278 833 1374 874 illis.

336 903 411 942 His
442 904 660 943 consolatis
693 904 810 942 laetis
840 904 891 944 ad
923 905 1047 946 doma
1073 907 1248 946 reversis

323 974 486 1026 Hospes
512 974 608 1014 item
643 974 764 1016 dixit:
795 978 900 1016 ‘cum
934 977 1125 1018 Christus
1157 990 1280 1030 quem
1308 974 1410 1015 mihi
1432 976 1566 1024 mittit,

216 1048 240 1084 5
328 1047 448 1086 Tunc
467 1054 526 1086 est
545 1048 696 1099 pascha
711 1062 846 1089 meum
869 1050 970 1090 mihi
995 1053 1143 1105 velque
1166 1049 1269 1089 meis
1302 1049 1566 1097 celebratum,
1615 1103 1621 1107 ,

331 1119 447 1159 Sicut
475 1119 517 1158 in
550 1120 625 1159 hac
655 1129 799 1171 nocte,
831 1121 929 1161 dum
959 1123 1272 1163 laetificabimur
1302 1136 1326 1161 a
1352 1130 1404 1168 te.

329 1191 403 1232 Est
431 1191 533 1230 mihi
561 1191 674 1245 quod
704 1193 819 1234 veuit
847 1192 898 1234 de
929 1203 993 1246 te,
1024 1195 1124 1235 deus
1154 1204 1199 1235 ut
1230 1195 1334 1234 mihi
1363 1195 1509 1235 mittat.
1513 1195 1522 1213 '

329 1262 409 1302 Cui
447 1276 546 1302 mox
577 1263 626 1302 de
657 1264 823 1316 scapula
853 1274 1012 1317 partem
1051 1265 1174 1305 mittit
1201 1280 1370 1318 quoque
1401 1278 1510 1314 sura,

330 1335 379 1374 In
412 1336 551 1388 plures
581 1336 685 1375 offas
719 1351 844 1390 quam
878 1335 1135 1377 concidendo
1165 1338 1343 1377 minutas

223 1411 273 1445 10
332 1408 413 1447 Pro
444 1407 709 1447 sacramentis
739 1421 892 1459 pueros
921 1409 1100 1460 partitur
1127 1409 1171 1447 in
1201 1422 1359 1449 omnes.

329 1480 428 1520 Post
456 1480 557 1518 haec
593 1488 652 1519 sat
679 1480 783 1520 cocti
812 1479 1004 1530 domino,
1034 1488 1096 1519 sat
1124 1481 1295 1533 ponitur
1324 1480 1418 1529 assi,

332 1551 460 1591 Potus
488 1559 529 1590 at
561 1552 603 1590 in
637 1560 778 1604 patera
806 1553 956 1592 summi
986 1553 1140 1593 tuberis
1171 1552 1369 1591 nucerina

331 1623 548 1676 Praecipui
581 1624 666 1665 vini
695 1625 873 1677 piperati
901 1625 985 1665 sive
1017 1623 1224 1671 medonis,

331 1697 380 1735 In
412 1710 494 1749 qua
524 1696 586 1736 bis
616 1697 713 1736 bina
743 1705 839 1736 sunt
869 1711 995 1736 aurea
1025 1697 1197 1736 flumina
1225 1695 1406 1747 sculpta3

224 1771 273 1806 15
333 1768 495 1808 Dextra
524 1768 591 1808 dei
619 1768 750 1809 fundo
779 1777 944 1821 paterae
973 1768 1136 1809 confixa
1163 1777 1240 1808 stat
1268 1768 1367 1818 imo,

335 1838 488 1891 Quam,
518 1840 615 1880 dum
644 1849 860 1894 pernoctat
890 1841 972 1891 ibi,
1002 1841 1169 1895 quidam
1196 1855 1380 1881 summus
1408 1841 1445 1880 ei
1486 1840 1566 1882 dat.

334 1912 573 1967 Numquam
599 1915 774 1965 gustavit
800 1922 936 1953 tamen
969 1929 1021 1953 ex
1048 1914 1153 1963 hac}
1182 1913 1225 1951 ni
1253 1912 1331 1952 sibi
1360 1911 1485 1951 mittit

336 1984 415 2024 Cui
444 1985 622 2026 servitur
650 1986 694 2025 in
725 1987 825 2036 hac,
859 1987 900 2025 in
931 1999 1036 2038 opus
1065 1992 1253 2025 servatur
1285 1990 1323 2023 at
1351 1981 1474 2023 istud.

332 2057 470 2096 Finita
499 2072 639 2107 coena,
670 2068 889 2113 postquam
919 2072 1001 2112 que
1031 2057 1151 2099 datur
1182 2056 1260 2097 sibi
1287 2057 1470 2109 lympha,

221 2135 276 2169 20
334 2129 487 2169 Fertur
516 2131 553 2168 ei
581 2132 746 2180 vinum,
783 2131 833 2170 de
865 2145 949 2184 quo
981 2130 1086 2170 bibit
1117 2138 1157 2170 et
1183 2120 1417 2177 sibiimisit,

333 2196 417 2246 Qui
446 2197 614 2238 dederat
644 2198 834 2239 dominae
863 2200 1003 2253 prius,
1034 2209 1072 2239 et
1099 2207 1190 2252 post
1221 2198 1346 2236 ebibit
1374 2198 1476 2248 ipse.

331 2271 396 2309 De
425 2285 567 2311 mensa
597 2273 724 2324 surgit
752 2273 866 2312 miles
895 2271 1185 2323 modicumque
1218 2268 1422 2319 [resedit]‚

331 2342 481 2397 Sicque
512 2348 647 2395 jacens
680 2353 853 2394 tractat,
901 2344 1109 2384 hominem
1144 2341 1217 2394 qui
1245 2340 1538 2393 gratificat-[aq.

331 2413 519 2456 Tandem
550 2424 762 2456 matronae
796 2414 966 2456 dederat
991 2429 1065 2454 sua
1094 2413 1219 2466 pallia
1248 2422 1451 2465 prompte,

219 2490 272 2525 25
331 2488 464 2528 Possit
498 2497 543 2528 ut
573 2488 781 2529 ecclesiam
814 2489 870 2528 sic
901 2495 1062 2540 compta
1090 2486 1270 2525 revisere
1299 2493 1494 2525 sanctam.

331 2645 508 2702 Interea
539 2662 673 2702 Rufus
703 2661 802 2716 quid
835 2670 924 2713 agat
954 2674 1038 2701 non
1074 2667 1396 2712 praetereamus.
