1721 2938
266 115 352 157 358

439 270 507 305 28.

441 557 510 593 29.

444 847 511 881 30.

443 1134 509 1170 31.

442 1418 464 1451 0³

472 1417 494 1450 10

438 1704 505 1739 33.

435 1990 503 2028 34.

432 2278 497 2315 35.

433 2567 500 2602 36.

797 113 1102 155 UNIBOS.

567 264 666 302 Post
698 263 821 312 hujus
852 264 969 313 regni
1004 264 1226 302 terminum

563 336 802 388 Sollempne
832 335 876 374 fit
909 336 1153 387 emporium,

565 410 679 447 Dum
711 407 804 447 data
834 408 953 448 bovis
986 408 1123 448 tunica

564 480 733 532 Argenti
764 470 871 518 ridet
900 479 1030 532 copia.

568 554 665 593 Non
698 560 757 591 est
787 561 1011 592 mercatum
1044 553 1174 591 simile

565 626 677 665 Sicut
708 623 756 663 de
789 625 906 664 bovis
940 633 1114 676 tergore,

566 698 814 749 Exemplum
853 695 902 734 de
932 710 995 735 me
1027 710 1212 748 paupere

567 770 612 810 Si
644 771 704 809 vis
737 778 901 817 tenere,
933 769 1124 820 suscipe.'

568 842 667 881 Post
703 842 802 878 haec
834 840 1012 879 ministri
1042 841 1211 892 publico

569 912 840 953 Conveniunt
872 911 914 949 in
948 911 1100 951 trivio:

563 987 699 1025 Villae
729 987 886 1034 major,
922 984 1198 1036 praepositus,

565 1058 730 1111 Templi
760 1054 951 1097 sacerdos
989 1057 1165 1097 inclitus.

570 1128 834 1170 oeconomus
865 1129 1062 1168 attonitus

572 1201 666 1241 Suis
698 1202 825 1241 refert
855 1201 1074 1240 comitibus

566 1271 735 1310 Famam
766 1271 865 1310 novi
903 1270 1150 1317 commercii,

567 1342 702 1382 Unius
736 1350 953 1395 quaestum
986 1342 1098 1381 corii.

567 1413 686 1452 Tunc
721 1413 884 1463 gavisus
914 1412 1176 1463 praepositus

563 1484 711 1523 Factus
747 1483 869 1522 tantis
903 1484 1144 1522 rumoribus

562 1555 778 1595 Profunda
809 1554 875 1594 dat
906 1556 1097 1606 suspiria.

564 1627 670 1666 Cum
700 1641 854 1678 pompa
885 1626 1024 1665 dicens
1053 1628 1172 1666 talia:

563 1699 709 1738 ‘Vobis
739 1698 871 1737 dicam
908 1698 1169 1748 miraculum,

554 1771 767 1811 Revelabo
798 1770 1048 1824 prodigium,

559 1844 755 1895 Aperiam
788 1843 1005 1883 consilium

561 1915 791 1955 Celandum
821 1914 1152 1955 saluberrimum.

561 1987 607 2027 Si
644 1989 767 2029 vultis
800 2001 885 2027 esse
917 1986 1076 2034 divites,

563 2058 609 2099 Si
640 2060 864 2109 fortunati,
907 2059 1087 2107 comites,

558 2130 674 2179 Quae
702 2146 791 2171 sum
824 2133 1007 2170 facturus
1037 2130 1157 2169 facile

556 2203 777 2256 Sequenda
806 2218 916 2242 nunc
948 2203 1205 2255 perpendite.

555 2276 592 2314 A
621 2277 772 2315 nostris
803 2276 1078 2315 tabernaculis

558 2345 704 2387 Omnis
739 2347 906 2385 fortuna
942 2346 1089 2384 sterilis

558 2418 752 2458 Discedet
788 2432 863 2470 per
893 2416 1185 2456 commercium

557 2491 910 2531 Commerciorum
944 2489 1184 2527 maximum.

558 2563 631 2601 Est
659 2560 873 2601 mercandi
903 2560 1087 2608 felicitas,

558 2634 692 2683 Quam
724 2620 945 2675 transmisit
974 2630 1178 2679 divinitas,
