1721 2938
248 120 331 163 144

250 566 302 600 85

247 928 299 962 90

90 1288 233 1326 t01.10b.
248 1290 298 1325 95

243 1654 324 1690 100

244 2082 323 2116 105

240 2440 319 2476 110

237 2660 287 2692 los
300 2682 306 2694 ‚

567 121 608 162 R
627 121 661 163 U
681 122 720 163 Ο
739 121 777 163 D
796 121 831 163 L
850 120 922 162 IE
943 121 976 163 B
1037 122 1191 178 fragm.
1211 123 1288 167 111.

359 275 472 313 Inter
501 285 630 325 equos
663 273 763 312 muli
796 272 1022 326 decapenta
1049 275 1112 314 bis
1143 275 1303 315 falerati

360 347 411 383 itit
443 347 506 383 bis
540 343 740 398 quindeni
773 347 915 398 onagri
942 347 1197 401 totidemque
1235 348 1378 387 cameli

358 420 494 470 Atque
525 417 715 470 leopardi
744 419 895 469 gemini
924 419 1096 474 binique
1129 422 1282 469 leones,

358 489 407 528 Et
438 490 588 541 pariles
620 492 706 529 ursi
734 492 807 543 qui
837 492 985 531 fratres
1014 501 1108 533 sunt
1136 493 1302 539 uterini,

367 561 550 602 Omnino
584 563 695 603 nivei
723 565 880 613 gambis
911 564 1168 618 pedibusque
1202 565 1352 616 nigelli,

362 633 444 683 Qui
473 649 544 675 vas
578 636 799 685 tollebant,
844 645 889 675 ut
919 637 1068 686 homo,
1108 637 1359 690 bipedesque
1389 638 1599 688 gerebant.

359 707 480 746 mimi
514 707 680 761 quando
713 707 814 746 fides
846 708 979 760 digitis
1021 716 1193 760 tangunt
1232 708 1504 760 modulantes,

360 778 426 818 Illi
458 781 689 829 saltabant,
722 794 890 820 neumas
920 780 1096 833 pedibus
1128 782 1355 823 variabant.

362 852 576 892 Interdum
613 854 762 893 saliunt
794 868 963 907 seseque
997 868 1121 906 super
1159 855 1375 905 jaciebant.

360 925 615 964 Alterutrum
655 924 780 965 dorso
814 940 854 964 se
885 929 1107 978 portabant
1145 926 1364 966 residendo

360 998 650 1049 Amplexando
682 1012 750 1048 se,
781 998 975 1038 luctando
1010 999 1189 1039 deiciunt
1221 1012 1277 1039 se.

365 1070 470 1109 Cum
503 1072 621 1123 plebs
655 1073 869 1110 altisonam
904 1073 998 1111 fecit
1029 1072 1214 1125 gyrando
1246 1074 1450 1122 choream,

357 1143 591 1182 Accurrunt·
622 1151 658 1183 et
692 1158 733 1183 se
764 1144 1008 1183 mulieribus
1045 1146 1294 1196 applicuere,

361 1214 477 1263 Quae
512 1217 653 1267 gracili
683 1231 783 1256 voce
816 1218 1051 1256 cecinerunt
1091 1218 1296 1267 deliciose,

360 1288 614 1340 Insertisque
645 1288 727 1327 suis
758 1289 905 1328 harum
940 1290 1132 1328 manibus
1167 1290 1361 1342 speciosis

354 1359 490 1399 Erecti
519 1361 676 1400 calcant
706 1359 1026 1413 pedetemptim,
1057 1375 1270 1400 murmure
1300 1361 1489 1408 trinsant,

352 1432 411 1472 Ut
441 1433 716 1483 mirarentur,
763 1435 820 1472 ibi
852 1434 1004 1473 circum
1036 1434 1108 1487 qui
1139 1433 1424 1486 graderentur,

351 1504 449 1544 Non
482 1505 738 1555 irascuntur,
774 1506 972 1559 quicquid
1010 1507 1106 1546 mali
1135 1513 1390 1558 paterentur.

353 1578 531 1629 Insuper
564 1586 603 1617 et
632 1580 796 1631 lyncum
818 1577 867 1617 de
898 1580 1021 1631 vulpe
1051 1579 1234 1631 lupoque
1265 1585 1444 1617 creatum

360 1650 586 1690 Addiderat
622 1650 762 1701 donis,
794 1666 942 1704 expers
975 1651 1089 1704 quod
1119 1665 1203 1690 non
1235 1651 1285 1689 sit
1321 1649 1509 1698 lionoris,

352 1725 450 1774 Ejus
481 1726 531 1763 ab
566 1724 685 1763 urina
716 1725 813 1777 quia
848 1723 991 1763 crescit
1020 1722 1155 1762 lucida
1185 1736 1357 1774 gemma,

351 1796 515 1836 Ardens
545 1798 742 1848 ligurius,
777 1791 1051 1843 carbunculus
1087 1805 1130 1836 ut
1158 1797 1377 1848 pretiosus.

353 1868 540 1918 Qualiter
569 1870 602 1908 is
631 1869 721 1917 fiat,
754 1869 879 1908 libeat
912 1882 1034 1921 quem
1066 1867 1244 1918 discere,
1284 1867 1425 1907 discat.

351 1983 438 2042 Ex
468 2003 582 2042 ferro
614 2001 750 2040 clavos
783 1999 857 2038 tibi
888 2000 949 2039 sac
981 2000 1184 2038 fabricare
1216 2006 1454 2051 quaternos,

355 2076 401 2114 In
435 2077 515 2114 lata
549 2075 696 2114 butina
740 2088 845 2127 quos
879 2073 977 2125 fige,
1012 2073 1074 2114 bis
1105 2074 1149 2113 in
1186 2074 1275 2113 loca
1305 2073 1406 2112 bina

352 2148 534 2188 Fortiter
564 2147 793 2198 inpellens,
838 2147 1012 2184 evellere
1056 2141 1148 2197 q'uis
1191 2153 1315 2198 queat
1343 2146 1443 2184 haut
1475 2159 1594 2198 quos,

348 2220 396 2258 In
426 2217 563 2257 medio
594 2216 762 2257 butinae
792 2218 990 2257 terebello
1023 2218 1169 2270 facque
1201 2217 1401 2265 foramen,

349 2292 396 2330 In
431 2304 554 2344 quam
584 2303 693 2341 pone
726 2289 874 2337 feram,
905 2289 995 2327 licet
1036 2290 1258 2329 invitamve
1293 2289 1506 2339 rebellem,

350 2362 413 2402 Ad
447 2364 667 2414 clavosque
699 2361 822 2415 pedes
853 2361 1007 2399 vincire
1039 2360 1117 2399 sibi
1147 2361 1253 2398 bene
1284 2372 1413 2408 cures,

349 2435 399 2475 Et
431 2435 535 2474 circa
568 2435 718 2474 collum
750 2446 898 2471 nexam
931 2430 1135 2484 suspende
1168 2440 1365 2479 catenam,

330 2602 386 2633 81.
413 2601 472 2632 82.
499 2600 544 2630 83
586 2594 707 2630 vorher
731 2595 829 2630 stand
856 2595 899 2629 im
926 2595 1099 2629 accusativ
1128 2593 1250 2630 mulos,
1287 2603 1447 2638 onagros,
1472 2603 1587 2625 came-

336 2658 520 2704 leopardos
545 2662 611 2692 etc.
