<?xml version="1.0" encoding="UTF-8"?>
<!DOCTYPE html PUBLIC "-//W3C//DTD XHTML 1.0 Transitional//EN"
    "http://www.w3.org/TR/xhtml1/DTD/xhtml1-transitional.dtd">
<html xmlns="http://www.w3.org/1999/xhtml" xml:lang="en" lang="en">
 <head>
  <title>
</title>
<meta http-equiv="Content-Type" content="text/html;charset=utf-8" />
  <meta name='ocr-system' content='tesseract 3.04.00' />
  <meta name='ocr-capabilities' content='ocr_page ocr_carea ocr_par ocr_line ocrx_word'/>
</head>
<body>
  <div class='ocr_page' id='page_1' title='image "./lateinischegedic00grimuoft_0098.png"; bbox 0 0 1721 2938; ppageno 0'>
   <div class='ocr_carea' id='block_1_1' title="bbox 243 107 1163 151">
    <p class='ocr_par' dir='ltr' id='par_1_1' title="bbox 243 107 1163 151">
     <span class='ocr_line' id='line_1_1' title="bbox 243 107 1163 151; baseline -0.003 0"><span class='ocrx_word' id='word_1_1' title='bbox 243 111 298 151; x_wconf 81' lang='lat'>42</span> <span class='ocrx_word' id='word_1_2' title='bbox 669 107 1163 151; x_wconf 82' lang='lat' dir='ltr'><strong>WALTHARIUS.</strong></span> 
     </span>
    </p>
   </div>
   <div class='ocr_carea' id='block_1_2' title="bbox 578 189 768 195">
    <p class='ocr_par' dir='ltr' id='par_1_2' title="bbox 578 189 768 195">
     <span class='ocr_line' id='line_1_2' title="bbox 578 189 768 195; baseline 0 0"><span class='ocrx_word' id='word_1_3' title='bbox 578 189 768 195; x_wconf 95' lang='lat' dir='ltr'> </span> 
     </span>
    </p>
   </div>
   <div class='ocr_carea' id='block_1_3' title="bbox 242 257 1592 2037">
    <p class='ocr_par' dir='ltr' id='par_1_3' title="bbox 242 257 1592 2037">
     <span class='ocr_line' id='line_1_3' title="bbox 414 257 1447 310; baseline 0 -13"><span class='ocrx_word' id='word_1_4' title='bbox 414 261 501 297; x_wconf 78' lang='lat' dir='ltr'>Jam</span> <span class='ocrx_word' id='word_1_5' title='bbox 534 260 683 297; x_wconf 76' lang='lat' dir='ltr'>faceret</span> <span class='ocrx_word' id='word_1_6' title='bbox 711 258 854 297; x_wconf 86' lang='lat' dir='ltr'>sollers</span> <span class='ocrx_word' id='word_1_7' title='bbox 884 265 1028 308; x_wconf 77' lang='lat' dir='ltr'>arguta</span> <span class='ocrx_word' id='word_1_8' title='bbox 1055 257 1245 307; x_wconf 80' lang='lat' dir='ltr'><strong>indagine</strong></span> <span class='ocrx_word' id='word_1_9' title='bbox 1276 260 1447 310; x_wconf 83' lang='lat' dir='ltr'>quaerit.</span> 
     </span>
     <span class='ocr_line' id='line_1_4' title="bbox 247 329 1516 379; baseline -0.001 -10"><span class='ocrx_word' id='word_1_10' title='bbox 247 331 354 369; x_wconf 82' lang='lat'>1140</span> <span class='ocrx_word' id='word_1_11' title='bbox 414 330 534 369; x_wconf 84' lang='lat' dir='ltr'>Solus</span> <span class='ocrx_word' id='word_1_12' title='bbox 566 330 674 366; x_wconf 89' lang='lat' dir='ltr'>enim</span> <span class='ocrx_word' id='word_1_13' title='bbox 705 329 876 379; x_wconf 79' lang='lat' dir='ltr'>Hagano</span> <span class='ocrx_word' id='word_1_14' title='bbox 911 330 1045 367; x_wconf 85' lang='lat' dir='ltr'>fuerat</span> <span class='ocrx_word' id='word_1_15' title='bbox 1075 337 1307 379; x_wconf 84' lang='lat' dir='ltr'>suspectus,</span> <span class='ocrx_word' id='word_1_16' title='bbox 1348 339 1386 368; x_wconf 88' lang='lat' dir='ltr'>et</span> <span class='ocrx_word' id='word_1_17' title='bbox 1415 329 1516 368; x_wconf 80' lang='lat' dir='ltr'>illud</span> 
     </span>
     <span class='ocr_line' id='line_1_5' title="bbox 413 401 1408 451; baseline -0.002 -11"><span class='ocrx_word' id='word_1_18' title='bbox 413 401 611 440; x_wconf 87' lang='lat' dir='ltr'>Oscillum</span> <span class='ocrx_word' id='word_1_19' title='bbox 641 401 746 450; x_wconf 80' lang='lat' dir='ltr'>regis</span> <span class='ocrx_word' id='word_1_20' title='bbox 777 402 919 439; x_wconf 69' lang='lat' dir='ltr'>subter</span> <span class='ocrx_word' id='word_1_21' title='bbox 948 401 1230 451; x_wconf 78' lang='lat' dir='ltr'>complexibus</span> <span class='ocrx_word' id='word_1_22' title='bbox 1263 409 1408 439; x_wconf 86' lang='lat' dir='ltr'>actum.</span> 
     </span>
     <span class='ocr_line' id='line_1_6' title="bbox 410 470 1476 524; baseline -0.002 -14"><span class='ocrx_word' id='word_1_23' title='bbox 410 472 646 522; x_wconf 81' lang='lat' dir='ltr'>Ambigerat</span> <span class='ocrx_word' id='word_1_24' title='bbox 674 485 866 523; x_wconf 82' lang='lat' dir='ltr'>prorsus,</span> <span class='ocrx_word' id='word_1_25' title='bbox 908 485 1012 524; x_wconf 87' lang='lat' dir='ltr'>quae</span> <span class='ocrx_word' id='word_1_26' title='bbox 1043 472 1092 510; x_wconf 85' lang='lat' dir='ltr'>sit</span> <span class='ocrx_word' id='word_1_27' title='bbox 1123 471 1322 510; x_wconf 84' lang='lat' dir='ltr'>sententia</span> <span class='ocrx_word' id='word_1_28' title='bbox 1350 470 1476 509; x_wconf 87' lang='lat' dir='ltr'>menti</span> 
     </span>
     <span class='ocr_line' id='line_1_7' title="bbox 410 543 1532 593; baseline 0.001 -12"><span class='ocrx_word' id='word_1_29' title='bbox 410 544 570 593; x_wconf 79' lang='lat' dir='ltr'>Hostis,</span> <span class='ocrx_word' id='word_1_30' title='bbox 609 552 647 582; x_wconf 87' lang='lat' dir='ltr'>et</span> <span class='ocrx_word' id='word_1_31' title='bbox 679 557 729 581; x_wconf 85' lang='lat' dir='ltr'>an</span> <span class='ocrx_word' id='word_1_32' title='bbox 760 545 903 582; x_wconf 88' lang='lat' dir='ltr'>urbem</span> <span class='ocrx_word' id='word_1_33' title='bbox 937 545 1090 582; x_wconf 86' lang='lat' dir='ltr'>vellent</span> <span class='ocrx_word' id='word_1_34' title='bbox 1118 557 1299 582; x_wconf 84' lang='lat' dir='ltr'>remeare</span> <span class='ocrx_word' id='word_1_35' title='bbox 1329 543 1532 593; x_wconf 78' lang='lat' dir='ltr'>relictam,</span> 
     </span>
     <span class='ocr_line' id='line_1_8' title="bbox 408 615 1438 666; baseline -0.002 -12"><span class='ocrx_word' id='word_1_36' title='bbox 408 617 601 654; x_wconf 84' lang='lat' dir='ltr'>Pluribus</span> <span class='ocrx_word' id='word_1_37' title='bbox 635 623 680 653; x_wconf 87' lang='lat' dir='ltr'>ut</span> <span class='ocrx_word' id='word_1_38' title='bbox 707 615 824 654; x_wconf 88' lang='lat' dir='ltr'>sociis</span> <span class='ocrx_word' id='word_1_39' title='bbox 858 629 932 666; x_wconf 88' lang='lat' dir='ltr'>per</span> <span class='ocrx_word' id='word_1_40' title='bbox 959 623 1121 654; x_wconf 86' lang='lat' dir='ltr'>noctem</span> <span class='ocrx_word' id='word_1_41' title='bbox 1154 616 1258 653; x_wconf 72' lang='lat' dir='ltr'>sorte</span> <span class='ocrx_word' id='word_1_42' title='bbox 1290 616 1438 653; x_wconf 83' lang='lat' dir='ltr'>coactis</span> 
     </span>
     <span class='ocr_line' id='line_1_9' title="bbox 242 684 1568 737; baseline -0.001 -11"><span class='ocrx_word' id='word_1_43' title='bbox 242 688 348 726; x_wconf 78' lang='lat'>1145</span> <span class='ocrx_word' id='word_1_44' title='bbox 407 687 547 726; x_wconf 88' lang='lat' dir='ltr'>Primo</span> <span class='ocrx_word' id='word_1_45' title='bbox 580 701 697 725; x_wconf 85' lang='lat' dir='ltr'>mane</span> <span class='ocrx_word' id='word_1_46' title='bbox 726 695 873 737; x_wconf 86' lang='lat' dir='ltr'>parent</span> <span class='ocrx_word' id='word_1_47' title='bbox 903 687 1053 725; x_wconf 86' lang='lat' dir='ltr'>bellum</span> <span class='ocrx_word' id='word_1_48' title='bbox 1084 700 1286 726; x_wconf 84' lang='lat' dir='ltr'>renovare</span> <span class='ocrx_word' id='word_1_49' title='bbox 1316 684 1568 725; x_wconf 80' lang='lat' dir='ltr'>nefandum?</span> 
     </span>
     <span class='ocr_line' id='line_1_10' title="bbox 408 757 1486 810; baseline 0 -13"><span class='ocrx_word' id='word_1_50' title='bbox 408 759 473 797; x_wconf 88' lang='lat' dir='ltr'>An</span> <span class='ocrx_word' id='word_1_51' title='bbox 505 759 581 797; x_wconf 89' lang='lat' dir='ltr'>soli</span> <span class='ocrx_word' id='word_1_52' title='bbox 610 757 777 797; x_wconf 84' lang='lat' dir='ltr'>iusidias</span> <span class='ocrx_word' id='word_1_53' title='bbox 807 759 989 796; x_wconf 85' lang='lat' dir='ltr'>facerent</span> <span class='ocrx_word' id='word_1_54' title='bbox 1018 758 1272 810; x_wconf 88' lang='lat' dir='ltr'>propiusque</span> <span class='ocrx_word' id='word_1_55' title='bbox 1302 759 1486 797; x_wconf 84' lang='lat' dir='ltr'>laterent.</span> 
     </span>
     <span class='ocr_line' id='line_1_11' title="bbox 410 830 1424 880; baseline -0.003 -10"><span class='ocrx_word' id='word_1_56' title='bbox 410 832 557 870; x_wconf 85' lang='lat' dir='ltr'>Terret</span> <span class='ocrx_word' id='word_1_57' title='bbox 586 830 634 868; x_wconf 88' lang='lat' dir='ltr'>ad</span> <span class='ocrx_word' id='word_1_58' title='bbox 667 831 765 868; x_wconf 85' lang='lat' dir='ltr'>haec</span> <span class='ocrx_word' id='word_1_59' title='bbox 797 831 926 868; x_wconf 81' lang='lat' dir='ltr'>triviis</span> <span class='ocrx_word' id='word_1_60' title='bbox 954 831 1084 880; x_wconf 80' lang='lat' dir='ltr'>ignoti</span> <span class='ocrx_word' id='word_1_61' title='bbox 1113 830 1214 868; x_wconf 85' lang='lat' dir='ltr'>silva</span> <span class='ocrx_word' id='word_1_62' title='bbox 1243 837 1424 878; x_wconf 80' lang='lat' dir='ltr'>meatus,</span> 
     </span>
     <span class='ocr_line' id='line_1_12' title="bbox 408 901 1425 953; baseline -0.004 -11"><span class='ocrx_word' id='word_1_63' title='bbox 408 903 472 942; x_wconf 85' lang='lat' dir='ltr'>Ne</span> <span class='ocrx_word' id='word_1_64' title='bbox 506 904 596 941; x_wconf 82' lang='lat' dir='ltr'>loca</span> <span class='ocrx_word' id='word_1_65' title='bbox 631 901 813 941; x_wconf 77' lang='lat' dir='ltr'>fortassis</span> <span class='ocrx_word' id='word_1_66' title='bbox 846 903 1072 940; x_wconf 80' lang='lat' dir='ltr'>incurreret</span> <span class='ocrx_word' id='word_1_67' title='bbox 1103 915 1246 952; x_wconf 87' lang='lat' dir='ltr'>aspera</span> <span class='ocrx_word' id='word_1_68' title='bbox 1277 901 1425 953; x_wconf 81' lang='lat' dir='ltr'>spinis,</span> 
     </span>
     <span class='ocr_line' id='line_1_13' title="bbox 407 972 1517 1026; baseline -0.002 -14"><span class='ocrx_word' id='word_1_69' title='bbox 407 975 539 1013; x_wconf 88' lang='lat' dir='ltr'>Immo</span> <span class='ocrx_word' id='word_1_70' title='bbox 572 974 724 1026; x_wconf 83' lang='lat' dir='ltr'>quippe</span> <span class='ocrx_word' id='word_1_71' title='bbox 759 974 853 1011; x_wconf 84' lang='lat' dir='ltr'>seris</span> <span class='ocrx_word' id='word_1_72' title='bbox 885 986 1161 1025; x_wconf 78' lang='lat' dir='ltr'>sponsamque</span> <span class='ocrx_word' id='word_1_73' title='bbox 1193 974 1393 1012; x_wconf 84' lang='lat' dir='ltr'>amitteret</span> <span class='ocrx_word' id='word_1_74' title='bbox 1424 972 1517 1011; x_wconf 83' lang='lat' dir='ltr'>illis.</span> 
     </span>
     <span class='ocr_line' id='line_1_14' title="bbox 243 1030 1312 1099; baseline -0.006 -9"><span class='ocrx_word' id='word_1_75' title='bbox 243 1030 458 1090; x_wconf 85' lang='lat' dir='ltr'>1150His</span> <span class='ocrx_word' id='word_1_76' title='bbox 490 1049 546 1086; x_wconf 86' lang='lat' dir='ltr'>ita</span> <span class='ocrx_word' id='word_1_77' title='bbox 575 1048 752 1099; x_wconf 89' lang='lat' dir='ltr'>provisis</span> <span class='ocrx_word' id='word_1_78' title='bbox 783 1048 1090 1099; x_wconf 78' lang='lat' dir='ltr'>exploratisque</span> <span class='ocrx_word' id='word_1_79' title='bbox 1120 1047 1312 1098; x_wconf 74' lang='lat' dir='ltr'>profatur</span> 
     </span>
     <span class='ocr_line' id='line_1_15' title="bbox 408 1121 1568 1175; baseline 0 -15"><span class='ocrx_word' id='word_1_80' title='bbox 408 1122 493 1160; x_wconf 88' lang='lat' dir='ltr'>‘En</span> <span class='ocrx_word' id='word_1_81' title='bbox 523 1136 773 1175; x_wconf 85' lang='lat' dir='ltr'>quocunque</span> <span class='ocrx_word' id='word_1_82' title='bbox 804 1122 927 1162; x_wconf 90' lang='lat' dir='ltr'>modo</span> <span class='ocrx_word' id='word_1_83' title='bbox 957 1136 1022 1161; x_wconf 85' lang='lat' dir='ltr'>res</span> <span class='ocrx_word' id='word_1_84' title='bbox 1054 1129 1225 1173; x_wconf 81' lang='lat' dir='ltr'>pergant</span> <span class='ocrx_word' id='word_1_85' title='bbox 1251 1121 1316 1160; x_wconf 88' lang='lat' dir='ltr'>hic</span> <span class='ocrx_word' id='word_1_86' title='bbox 1340 1121 1568 1169; x_wconf 86' lang='lat' dir='ltr'>recubabo,</span> 
     </span>
     <span class='ocr_line' id='line_1_16' title="bbox 410 1191 1536 1245; baseline 0 -15"><span class='ocrx_word' id='word_1_87' title='bbox 410 1193 556 1231; x_wconf 88' lang='lat' dir='ltr'>Donec</span> <span class='ocrx_word' id='word_1_88' title='bbox 587 1194 786 1232; x_wconf 86' lang='lat' dir='ltr'>circuiens</span> <span class='ocrx_word' id='word_1_89' title='bbox 816 1195 956 1232; x_wconf 85' lang='lat' dir='ltr'>lumen</span> <span class='ocrx_word' id='word_1_90' title='bbox 991 1195 1140 1245; x_wconf 83' lang='lat' dir='ltr'>sphera</span> <span class='ocrx_word' id='word_1_91' title='bbox 1170 1191 1315 1230; x_wconf 86' lang='lat' dir='ltr'>reddat</span> <span class='ocrx_word' id='word_1_92' title='bbox 1343 1199 1536 1230; x_wconf 82' lang='lat' dir='ltr'>amatum.</span> 
     </span>
     <span class='ocr_line' id='line_1_17' title="bbox 409 1265 1364 1316; baseline 0 -14"><span class='ocrx_word' id='word_1_93' title='bbox 409 1265 473 1303; x_wconf 89' lang='lat' dir='ltr'>Ne</span> <span class='ocrx_word' id='word_1_94' title='bbox 504 1265 658 1315; x_wconf 85' lang='lat' dir='ltr'>patriae</span> <span class='ocrx_word' id='word_1_95' title='bbox 689 1266 789 1304; x_wconf 87' lang='lat' dir='ltr'>fines</span> <span class='ocrx_word' id='word_1_96' title='bbox 820 1265 926 1304; x_wconf 84' lang='lat' dir='ltr'>dicat</span> <span class='ocrx_word' id='word_1_97' title='bbox 959 1280 1034 1304; x_wconf 75' lang='lat' dir='ltr'>rex</span> <span class='ocrx_word' id='word_1_98' title='bbox 1063 1266 1130 1303; x_wconf 91' lang='lat' dir='ltr'>ille</span> <span class='ocrx_word' id='word_1_99' title='bbox 1161 1266 1364 1316; x_wconf 86' lang='lat' dir='ltr'>superbus</span> 
     </span>
     <span class='ocr_line' id='line_1_18' title="bbox 412 1335 1469 1387; baseline -0.001 -14"><span class='ocrx_word' id='word_1_100' title='bbox 412 1336 598 1374; x_wconf 86' lang='lat' dir='ltr'>Evasisse</span> <span class='ocrx_word' id='word_1_101' title='bbox 630 1338 745 1386; x_wconf 78' lang='lat' dir='ltr'>suga,</span> <span class='ocrx_word' id='word_1_102' title='bbox 785 1338 888 1376; x_wconf 81' lang='lat' dir='ltr'>suris</span> <span class='ocrx_word' id='word_1_103' title='bbox 920 1336 968 1374; x_wconf 91' lang='lat' dir='ltr'>de</span> <span class='ocrx_word' id='word_1_104' title='bbox 999 1351 1135 1384; x_wconf 80' lang='lat' dir='ltr'>more,</span> <span class='ocrx_word' id='word_1_105' title='bbox 1172 1349 1245 1387; x_wconf 76' lang='lat' dir='ltr'>Der</span> <span class='ocrx_word' id='word_1_106' title='bbox 1277 1335 1469 1373; x_wconf 59' lang='lat' dir='ltr'>umbras?</span> 
     </span>
     <span class='ocr_line' id='line_1_19' title="bbox 242 1407 1491 1459; baseline -0.002 -13"><span class='ocrx_word' id='word_1_107' title='bbox 242 1412 350 1448; x_wconf 87' lang='grc'>1155</span> <span class='ocrx_word' id='word_1_108' title='bbox 408 1408 546 1456; x_wconf 82' lang='lat' dir='ltr'>Dixit,</span> <span class='ocrx_word' id='word_1_109' title='bbox 587 1416 625 1446; x_wconf 87' lang='lat' dir='ltr'>et</span> <span class='ocrx_word' id='word_1_110' title='bbox 656 1422 744 1447; x_wconf 89' lang='lat' dir='ltr'>ecce</span> <span class='ocrx_word' id='word_1_111' title='bbox 779 1410 883 1447; x_wconf 78' lang='lat' dir='ltr'>vi&#39;am</span> <span class='ocrx_word' id='word_1_112' title='bbox 917 1409 1025 1448; x_wconf 88' lang='lat' dir='ltr'>vallo</span> <span class='ocrx_word' id='word_1_113' title='bbox 1056 1407 1306 1459; x_wconf 82' lang='lat' dir='ltr'>praemuniit</span> <span class='ocrx_word' id='word_1_114' title='bbox 1340 1413 1491 1454; x_wconf 83' lang='lat' dir='ltr'>artam,</span> 
     </span>
     <span class='ocr_line' id='line_1_20' title="bbox 407 1479 1432 1532; baseline -0.003 -13"><span class='ocrx_word' id='word_1_115' title='bbox 407 1480 603 1532; x_wconf 83' lang='lat' dir='ltr'>Undique</span> <span class='ocrx_word' id='word_1_116' title='bbox 633 1480 827 1530; x_wconf 88' lang='lat' dir='ltr'>praecisis</span> <span class='ocrx_word' id='word_1_117' title='bbox 858 1481 985 1531; x_wconf 84' lang='lat' dir='ltr'>spinis</span> <span class='ocrx_word' id='word_1_118' title='bbox 1017 1481 1138 1518; x_wconf 88' lang='lat' dir='ltr'>simul</span> <span class='ocrx_word' id='word_1_119' title='bbox 1169 1487 1207 1518; x_wconf 89' lang='lat' dir='ltr'>et</span> <span class='ocrx_word' id='word_1_120' title='bbox 1238 1479 1432 1530; x_wconf 80' lang='lat' dir='ltr'>paliuri83</span> 
     </span>
     <span class='ocr_line' id='line_1_21' title="bbox 408 1551 1479 1600; baseline -0.002 -10"><span class='ocrx_word' id='word_1_121' title='bbox 408 1551 501 1600; x_wconf 81' lang='lat' dir='ltr'>Quo</span> <span class='ocrx_word' id='word_1_122' title='bbox 534 1553 641 1592; x_wconf 83' lang='lat' dir='ltr'>facto</span> <span class='ocrx_word' id='word_1_123' title='bbox 674 1552 724 1590; x_wconf 87' lang='lat' dir='ltr'>ad</span> <span class='ocrx_word' id='word_1_124' title='bbox 758 1561 926 1591; x_wconf 80' lang='lat' dir='ltr'>truncos</span> <span class='ocrx_word' id='word_1_125' title='bbox 957 1565 1044 1590; x_wconf 83' lang='lat' dir='ltr'>sese</span> <span class='ocrx_word' id='word_1_126' title='bbox 1076 1552 1299 1598; x_wconf 85' lang='lat' dir='ltr'>convertit,</span> <span class='ocrx_word' id='word_1_127' title='bbox 1339 1563 1479 1589; x_wconf 89' lang='lat' dir='ltr'>amaro</span> 
     </span>
     <span class='ocr_line' id='line_1_22' title="bbox 406 1622 1591 1677; baseline -0.001 -15"><span class='ocrx_word' id='word_1_128' title='bbox 406 1624 508 1663; x_wconf 88' lang='lat' dir='ltr'>Cum</span> <span class='ocrx_word' id='word_1_129' title='bbox 522 1624 684 1675; x_wconf 79' lang='lat' dir='ltr'>gemitu,</span> <span class='ocrx_word' id='word_1_130' title='bbox 697 1633 734 1663; x_wconf 86' lang='lat' dir='ltr'>et</span> <span class='ocrx_word' id='word_1_131' title='bbox 750 1626 990 1677; x_wconf 85' lang='lat' dir='ltr'>cuicumque</span> <span class='ocrx_word' id='word_1_132' title='bbox 1003 1638 1122 1663; x_wconf 87' lang='lat' dir='ltr'>suum</span> <span class='ocrx_word' id='word_1_133' title='bbox 1136 1631 1256 1675; x_wconf 88' lang='lat' dir='ltr'>caput</span> <span class='ocrx_word' id='word_1_134' title='bbox 1269 1622 1454 1674; x_wconf 82' lang='lat' dir='ltr'>applicat,</span> <span class='ocrx_word' id='word_1_135' title='bbox 1469 1630 1591 1675; x_wconf 76' lang='lat' dir='ltr'>atque</span> 
     </span>
     <span class='ocr_line' id='line_1_23' title="bbox 404 1695 1507 1748; baseline -0.002 -14"><span class='ocrx_word' id='word_1_136' title='bbox 404 1695 562 1735; x_wconf 85' lang='lat' dir='ltr'>Contra</span> <span class='ocrx_word' id='word_1_137' title='bbox 591 1697 831 1735; x_wconf 84' lang='lat' dir='ltr'>orientalem</span> <span class='ocrx_word' id='word_1_138' title='bbox 862 1705 1092 1748; x_wconf 67' lang='lat' dir='ltr'>prostratus</span> <span class='ocrx_word' id='word_1_139' title='bbox 1123 1709 1296 1746; x_wconf 86' lang='lat' dir='ltr'>corpore</span> <span class='ocrx_word' id='word_1_140' title='bbox 1329 1703 1507 1746; x_wconf 80' lang='lat' dir='ltr'>partem,</span> 
     </span>
     <span class='ocr_line' id='line_1_24' title="bbox 243 1768 1592 1819; baseline 0.001 -14"><span class='ocrx_word' id='word_1_141' title='bbox 243 1770 352 1806; x_wconf 85' lang='lat'>1160</span> <span class='ocrx_word' id='word_1_142' title='bbox 412 1769 471 1807; x_wconf 92' lang='lat' dir='ltr'>Ac</span> <span class='ocrx_word' id='word_1_143' title='bbox 502 1768 660 1807; x_wconf 88' lang='lat' dir='ltr'>nudum</span> <span class='ocrx_word' id='word_1_144' title='bbox 688 1770 869 1808; x_wconf 82' lang='lat' dir='ltr'>retinens</span> <span class='ocrx_word' id='word_1_145' title='bbox 897 1783 1033 1808; x_wconf 84' lang='lat' dir='ltr'>ensem</span> <span class='ocrx_word' id='word_1_146' title='bbox 1056 1770 1130 1807; x_wconf 80' lang='lat' dir='ltr'>hac</span> <span class='ocrx_word' id='word_1_147' title='bbox 1153 1783 1244 1807; x_wconf 85' lang='lat' dir='ltr'>cum</span> <span class='ocrx_word' id='word_1_148' title='bbox 1272 1781 1372 1808; x_wconf 83' lang='lat' dir='ltr'>voce</span> <span class='ocrx_word' id='word_1_149' title='bbox 1403 1776 1592 1819; x_wconf 84' lang='lat' dir='ltr'>precatur</span> 
     </span>
     <span class='ocr_line' id='line_1_25' title="bbox 410 1840 1478 1890; baseline -0.001 -12"><span class='ocrx_word' id='word_1_150' title='bbox 410 1840 588 1878; x_wconf 85' lang='lat' dir='ltr'>‘Rerum</span> <span class='ocrx_word' id='word_1_151' title='bbox 620 1841 790 1889; x_wconf 73' lang='lat' dir='ltr'>factori,</span> <span class='ocrx_word' id='word_1_152' title='bbox 835 1840 905 1879; x_wconf 88' lang='lat' dir='ltr'>sed</span> <span class='ocrx_word' id='word_1_153' title='bbox 938 1849 976 1880; x_wconf 87' lang='lat' dir='ltr'>et</span> <span class='ocrx_word' id='word_1_154' title='bbox 1001 1841 1139 1880; x_wconf 85' lang='lat' dir='ltr'>omnia</span> <span class='ocrx_word' id='word_1_155' title='bbox 1168 1841 1272 1878; x_wconf 85' lang='lat' dir='ltr'>sacta</span> <span class='ocrx_word' id='word_1_156' title='bbox 1297 1841 1478 1890; x_wconf 83' lang='lat' dir='ltr'>regenti,</span> 
     </span>
     <span class='ocr_line' id='line_1_26' title="bbox 405 1903 1433 1963; baseline -0.001 -14"><span class='ocrx_word' id='word_1_157' title='bbox 405 1912 477 1950; x_wconf 62' lang='lat' dir='ltr'>Nil</span> <span class='ocrx_word' id='word_1_158' title='bbox 507 1913 592 1950; x_wconf 88' lang='lat' dir='ltr'>sine</span> <span class='ocrx_word' id='word_1_159' title='bbox 624 1913 824 1963; x_wconf 86' lang='lat' dir='ltr'>permissu</span> <span class='ocrx_word' id='word_1_160' title='bbox 857 1916 971 1962; x_wconf 86' lang='lat' dir='ltr'>cujus</span> <span class='ocrx_word' id='word_1_161' title='bbox 1006 1913 1071 1951; x_wconf 90' lang='lat' dir='ltr'>vel</span> <span class='ocrx_word' id='word_1_162' title='bbox 1102 1911 1279 1963; x_wconf 85' lang='lat' dir='ltr'>denique</span> <span class='ocrx_word' id='word_1_163' title='bbox 1307 1903 1433 1959; x_wconf 46' lang='lat' dir='ltr'>jussu-</span> 
     </span>
     <span class='ocr_line' id='line_1_27' title="bbox 409 1981 1506 2037; baseline -0.001 -16"><span class='ocrx_word' id='word_1_164' title='bbox 409 1983 601 2032; x_wconf 83' lang='lat' dir='ltr'>Constat,</span> <span class='ocrx_word' id='word_1_165' title='bbox 643 1998 716 2034; x_wconf 84' lang='lat' dir='ltr'>ago</span> <span class='ocrx_word' id='word_1_166' title='bbox 751 1981 906 2034; x_wconf 61' lang='lat' dir='ltr'>grates,</span> <span class='ocrx_word' id='word_1_167' title='bbox 948 1986 1019 2037; x_wconf 84' lang='lat' dir='ltr'>qui</span> <span class='ocrx_word' id='word_1_168' title='bbox 1050 1999 1112 2022; x_wconf 89' lang='lat' dir='ltr'>me</span> <span class='ocrx_word' id='word_1_169' title='bbox 1144 1982 1326 2022; x_wconf 81' lang='lat' dir='ltr'>defendit</span> <span class='ocrx_word' id='word_1_170' title='bbox 1353 1983 1506 2035; x_wconf 85' lang='lat' dir='ltr'>iniquis</span> 
     </span>
    </p>
   </div>
   <div class='ocr_carea' id='block_1_4' title="bbox 404 2055 1534 2108">
    <p class='ocr_par' dir='ltr' id='par_1_4' title="bbox 404 2055 1534 2108">
     <span class='ocr_line' id='line_1_28' title="bbox 404 2055 1534 2108; baseline 0.002 -16"><span class='ocrx_word' id='word_1_171' title='bbox 404 2055 573 2094; x_wconf 80' lang='lat' dir='ltr'>Hostilis</span> <span class='ocrx_word' id='word_1_172' title='bbox 604 2064 760 2095; x_wconf 84' lang='lat' dir='ltr'>turmae</span> <span class='ocrx_word' id='word_1_173' title='bbox 791 2057 904 2105; x_wconf 84' lang='lat' dir='ltr'>telis,</span> <span class='ocrx_word' id='word_1_174' title='bbox 943 2070 1017 2096; x_wconf 87' lang='lat' dir='ltr'>nec</span> <span class='ocrx_word' id='word_1_175' title='bbox 1046 2069 1129 2094; x_wconf 91' lang='lat' dir='ltr'>non</span> <span class='ocrx_word' id='word_1_176' title='bbox 1162 2068 1328 2108; x_wconf 88' lang='lat' dir='ltr'>quoque</span> <span class='ocrx_word' id='word_1_177' title='bbox 1358 2056 1534 2107; x_wconf 78' lang='lat' dir='ltr'>probriS.</span> 
     </span>
    </p>
   </div>
   <div class='ocr_carea' id='block_1_5' title="bbox 240 2203 1588 2671">
    <p class='ocr_par' dir='ltr' id='par_1_5' title="bbox 240 2203 1588 2671">
     <span class='ocr_line' id='line_1_29' title="bbox 334 2203 1588 2249; baseline 0.002 -15"><span class='ocrx_word' id='word_1_178' title='bbox 334 2205 426 2235; x_wconf 85' lang='grc'>1140</span> <span class='ocrx_word' id='word_1_179' title='bbox 462 2214 645 2247; x_wconf 86' lang='lat' dir='ltr'>suspensus</span> <span class='ocrx_word' id='word_1_180' title='bbox 678 2205 705 2238; x_wconf 93' lang='grc' dir='ltr'>Ι.</span> <span class='ocrx_word' id='word_1_181' title='bbox 761 2216 878 2249; x_wconf 83' lang='lat' dir='ltr'>aspera</span> <span class='ocrx_word' id='word_1_182' title='bbox 915 2206 1005 2238; x_wconf 76' lang='lat' dir='ltr'>silvis</span> <span class='ocrx_word' id='word_1_183' title='bbox 1040 2205 1065 2237; x_wconf 88' lang='grc' dir='ltr'>Ι.</span> <span class='ocrx_word' id='word_1_184' title='bbox 1166 2206 1256 2236; x_wconf 82' lang='grc'>1142</span> <span class='ocrx_word' id='word_1_185' title='bbox 1289 2204 1454 2237; x_wconf 80' lang='lat' dir='ltr'>ambierat</span> <span class='ocrx_word' id='word_1_186' title='bbox 1488 2203 1526 2236; x_wconf 79' lang='grc' dir='ltr'>Β.</span> <span class='ocrx_word' id='word_1_187' title='bbox 1561 2204 1588 2237; x_wconf 88' lang='grc' dir='ltr'>Ι.</span> 
     </span>
     <span class='ocr_line' id='line_1_30' title="bbox 241 2264 1586 2314; baseline 0.002 -20"><span class='ocrx_word' id='word_1_188' title='bbox 241 2264 333 2295; x_wconf 79' lang='grc'>1145</span> <span class='ocrx_word' id='word_1_189' title='bbox 359 2273 513 2296; x_wconf 83' lang='lat' dir='ltr'>recreare</span> <span class='ocrx_word' id='word_1_190' title='bbox 541 2265 582 2298; x_wconf 87' lang='lat' dir='ltr'>B.</span> <span class='ocrx_word' id='word_1_191' title='bbox 651 2268 742 2298; x_wconf 83' lang='grc'>1147</span> <span class='ocrx_word' id='word_1_192' title='bbox 768 2270 897 2314; x_wconf 57' lang='lat' dir='ltr'>terrent</span> <span class='ocrx_word' id='word_1_193' title='bbox 922 2266 1031 2298; x_wconf 86' lang='lat' dir='ltr'>adhuc</span> <span class='ocrx_word' id='word_1_194' title='bbox 1057 2265 1096 2298; x_wconf 90' lang='lat' dir='ltr'>C.</span> <span class='ocrx_word' id='word_1_195' title='bbox 1168 2267 1258 2297; x_wconf 85' lang='lat'>1148</span> <span class='ocrx_word' id='word_1_196' title='bbox 1284 2265 1337 2297; x_wconf 84' lang='lat' dir='ltr'>Ne</span> <span class='ocrx_word' id='word_1_197' title='bbox 1365 2266 1402 2297; x_wconf 83' lang='lat' dir='ltr'>A.</span> <span class='ocrx_word' id='word_1_198' title='bbox 1447 2264 1521 2296; x_wconf 69' lang='lat' dir='ltr'>Nec</span> <span class='ocrx_word' id='word_1_199' title='bbox 1545 2264 1586 2297; x_wconf 87' lang='lat' dir='ltr'>B.</span> 
     </span>
     <span class='ocr_line' id='line_1_31' title="bbox 240 2322 1584 2368; baseline 0.003 -14"><span class='ocrx_word' id='word_1_200' title='bbox 240 2322 337 2355; x_wconf 87' lang='lat' dir='ltr'>Haec</span> <span class='ocrx_word' id='word_1_201' title='bbox 366 2323 405 2355; x_wconf 90' lang='lat' dir='ltr'>C.</span> <span class='ocrx_word' id='word_1_202' title='bbox 446 2325 494 2357; x_wconf 84' lang='lat' dir='ltr'>Ac</span> <span class='ocrx_word' id='word_1_203' title='bbox 526 2324 552 2356; x_wconf 87' lang='grc' dir='ltr'>Ι.</span> <span class='ocrx_word' id='word_1_204' title='bbox 627 2327 718 2357; x_wconf 84' lang='grc'>1149</span> <span class='ocrx_word' id='word_1_205' title='bbox 752 2325 836 2358; x_wconf 81' lang='lat' dir='ltr'>fehlt</span> <span class='ocrx_word' id='word_1_206' title='bbox 870 2327 934 2358; x_wconf 76' lang='lat' dir='ltr'>illis</span> <span class='ocrx_word' id='word_1_207' title='bbox 967 2326 993 2359; x_wconf 88' lang='lat'>1.</span> <span class='ocrx_word' id='word_1_208' title='bbox 1068 2327 1160 2357; x_wconf 81' lang='lat'>1152</span> <span class='ocrx_word' id='word_1_209' title='bbox 1194 2335 1292 2368; x_wconf 87' lang='lat' dir='ltr'>spera</span> <span class='ocrx_word' id='word_1_210' title='bbox 1324 2324 1444 2357; x_wconf 86' lang='lat' dir='ltr'>reddat</span> <span class='ocrx_word' id='word_1_211' title='bbox 1477 2326 1517 2358; x_wconf 82' lang='grc' dir='ltr'>Α.</span> <span class='ocrx_word' id='word_1_212' title='bbox 1543 2325 1584 2358; x_wconf 85' lang='grc' dir='ltr'>Β.</span> 
     </span>
     <span class='ocr_line' id='line_1_32' title="bbox 242 2383 1585 2429; baseline 0.002 -13"><span class='ocrx_word' id='word_1_213' title='bbox 242 2391 342 2426; x_wconf 85' lang='lat' dir='ltr'>spera</span> <span class='ocrx_word' id='word_1_214' title='bbox 367 2383 477 2416; x_wconf 82' lang='lat' dir='ltr'>reddit</span> <span class='ocrx_word' id='word_1_215' title='bbox 504 2384 527 2417; x_wconf 89' lang='grc' dir='ltr'>Ι.</span> <span class='ocrx_word' id='word_1_216' title='bbox 566 2385 679 2427; x_wconf 84' lang='lat' dir='ltr'>spacia</span> <span class='ocrx_word' id='word_1_217' title='bbox 707 2385 795 2417; x_wconf 84' lang='lat' dir='ltr'>redit</span> <span class='ocrx_word' id='word_1_218' title='bbox 821 2385 858 2418; x_wconf 77' lang='lat' dir='ltr'>C.</span> <span class='ocrx_word' id='word_1_219' title='bbox 936 2388 1026 2418; x_wconf 82' lang='lat'>1153</span> <span class='ocrx_word' id='word_1_220' title='bbox 1053 2387 1126 2429; x_wconf 81' lang='lat' dir='ltr'>ipse</span> <span class='ocrx_word' id='word_1_221' title='bbox 1150 2386 1177 2417; x_wconf 90' lang='lat'>1.</span> <span class='ocrx_word' id='word_1_222' title='bbox 1252 2388 1343 2417; x_wconf 80' lang='grc'>1156</span> <span class='ocrx_word' id='word_1_223' title='bbox 1373 2386 1535 2427; x_wconf 77' lang='lat' dir='ltr'>paliuuris</span> <span class='ocrx_word' id='word_1_224' title='bbox 1559 2385 1585 2419; x_wconf 92' lang='lat' dir='ltr'>l.</span> 
     </span>
     <span class='ocr_line' id='line_1_33' title="bbox 244 2443 1587 2487; baseline 0.004 -13"><span class='ocrx_word' id='word_1_225' title='bbox 244 2445 335 2475; x_wconf 74' lang='lat'>1157</span> <span class='ocrx_word' id='word_1_226' title='bbox 362 2454 494 2476; x_wconf 81' lang='lat' dir='ltr'>amaros</span> <span class='ocrx_word' id='word_1_227' title='bbox 521 2444 560 2477; x_wconf 93' lang='lat' dir='ltr'>C.</span> <span class='ocrx_word' id='word_1_228' title='bbox 583 2443 623 2476; x_wconf 89' lang='lat' dir='ltr'>E.</span> <span class='ocrx_word' id='word_1_229' title='bbox 700 2447 795 2477; x_wconf 81' lang='grc'>1158</span> <span class='ocrx_word' id='word_1_230' title='bbox 820 2450 854 2477; x_wconf 88' lang='lat' dir='ltr'>et</span> <span class='ocrx_word' id='word_1_231' title='bbox 879 2446 1072 2487; x_wconf 85' lang='lat' dir='ltr'>circumque</span> <span class='ocrx_word' id='word_1_232' title='bbox 1094 2448 1131 2478; x_wconf 80' lang='grc' dir='ltr'>Α.</span> <span class='ocrx_word' id='word_1_233' title='bbox 1167 2450 1201 2477; x_wconf 85' lang='lat' dir='ltr'>et</span> <span class='ocrx_word' id='word_1_234' title='bbox 1226 2446 1417 2487; x_wconf 81' lang='lat' dir='ltr'>quicunque</span> <span class='ocrx_word' id='word_1_235' title='bbox 1445 2445 1485 2478; x_wconf 88' lang='lat' dir='ltr'>B.</span> <span class='ocrx_word' id='word_1_236' title='bbox 1519 2447 1587 2479; x_wconf 83' lang='lat' dir='ltr'>cir-</span> 
     </span>
     <span class='ocr_line' id='line_1_34' title="bbox 242 2504 1587 2546; baseline 0.002 -12"><span class='ocrx_word' id='word_1_237' title='bbox 242 2513 388 2545; x_wconf 88' lang='lat' dir='ltr'>cumque</span> <span class='ocrx_word' id='word_1_238' title='bbox 414 2505 454 2538; x_wconf 90' lang='lat' dir='ltr'>C.</span> <span class='ocrx_word' id='word_1_239' title='bbox 493 2508 527 2537; x_wconf 82' lang='lat' dir='ltr'>et</span> <span class='ocrx_word' id='word_1_240' title='bbox 553 2506 741 2546; x_wconf 86' lang='lat' dir='ltr'>cuicunque</span> <span class='ocrx_word' id='word_1_241' title='bbox 767 2505 793 2539; x_wconf 91' lang='grc' dir='ltr'>Ι.</span> <span class='ocrx_word' id='word_1_242' title='bbox 870 2508 960 2538; x_wconf 87' lang='grc'>1160</span> <span class='ocrx_word' id='word_1_243' title='bbox 986 2510 1034 2539; x_wconf 89' lang='lat' dir='ltr'>Ac</span> <span class='ocrx_word' id='word_1_244' title='bbox 1060 2516 1173 2538; x_wconf 87' lang='lat' dir='ltr'>ensem</span> <span class='ocrx_word' id='word_1_245' title='bbox 1200 2505 1323 2538; x_wconf 88' lang='lat' dir='ltr'>nudum</span> <span class='ocrx_word' id='word_1_246' title='bbox 1352 2507 1499 2538; x_wconf 86' lang='lat' dir='ltr'>retinens</span> <span class='ocrx_word' id='word_1_247' title='bbox 1526 2504 1587 2537; x_wconf 85' lang='lat' dir='ltr'>hac</span> 
     </span>
     <span class='ocr_line' id='line_1_35' title="bbox 243 2564 1584 2608; baseline 0.003 -13"><span class='ocrx_word' id='word_1_248' title='bbox 243 2574 329 2596; x_wconf 84' lang='lat' dir='ltr'>uoce</span> <span class='ocrx_word' id='word_1_249' title='bbox 353 2566 392 2597; x_wconf 81' lang='lat' dir='ltr'>A.</span> <span class='ocrx_word' id='word_1_250' title='bbox 428 2564 490 2598; x_wconf 85' lang='lat' dir='ltr'>hac</span> <span class='ocrx_word' id='word_1_251' title='bbox 515 2566 563 2598; x_wconf 80' lang='lat' dir='ltr'>sic</span> <span class='ocrx_word' id='word_1_252' title='bbox 589 2576 672 2598; x_wconf 85' lang='lat' dir='ltr'>voce</span> <span class='ocrx_word' id='word_1_253' title='bbox 698 2566 723 2599; x_wconf 88' lang='grc' dir='ltr'>Ι.</span> <span class='ocrx_word' id='word_1_254' title='bbox 794 2569 881 2598; x_wconf 89' lang='grc'>1161</span> <span class='ocrx_word' id='word_1_255' title='bbox 910 2567 1035 2600; x_wconf 84' lang='lat' dir='ltr'>Verum</span> <span class='ocrx_word' id='word_1_256' title='bbox 1063 2566 1200 2600; x_wconf 84' lang='lat' dir='ltr'>factoris</span> <span class='ocrx_word' id='word_1_257' title='bbox 1226 2570 1260 2599; x_wconf 80' lang='lat' dir='ltr'>et</span> <span class='ocrx_word' id='word_1_258' title='bbox 1285 2576 1315 2598; x_wconf 87' lang='grc' dir='ltr'>ο.</span> <span class='ocrx_word' id='word_1_259' title='bbox 1337 2566 1359 2598; x_wconf 86' lang='lat' dir='ltr'>f.</span> <span class='ocrx_word' id='word_1_260' title='bbox 1383 2566 1534 2608; x_wconf 84' lang='lat' dir='ltr'>regentis</span> <span class='ocrx_word' id='word_1_261' title='bbox 1558 2565 1584 2599; x_wconf 87' lang='grc' dir='ltr'>Ι.</span> 
     </span>
     <span class='ocr_line' id='line_1_36' title="bbox 245 2625 1582 2671; baseline 0.001 -15"><span class='ocrx_word' id='word_1_262' title='bbox 245 2626 335 2657; x_wconf 82' lang='grc'>1162</span> <span class='ocrx_word' id='word_1_263' title='bbox 353 2626 443 2658; x_wconf 84' lang='lat' dir='ltr'>iusso</span> <span class='ocrx_word' id='word_1_264' title='bbox 460 2626 498 2660; x_wconf 88' lang='lat' dir='ltr'>B.</span> <span class='ocrx_word' id='word_1_265' title='bbox 538 2630 627 2660; x_wconf 84' lang='grc'>1163</span> <span class='ocrx_word' id='word_1_266' title='bbox 646 2627 735 2670; x_wconf 89' lang='lat' dir='ltr'>quod</span> <span class='ocrx_word' id='word_1_267' title='bbox 752 2637 804 2662; x_wconf 90' lang='lat' dir='ltr'>me</span> <span class='ocrx_word' id='word_1_268' title='bbox 818 2627 857 2661; x_wconf 83' lang='lat' dir='ltr'>C.</span> <span class='ocrx_word' id='word_1_269' title='bbox 903 2629 992 2662; x_wconf 80' lang='lat'>1164</span> <span class='ocrx_word' id='word_1_270' title='bbox 1009 2637 1150 2661; x_wconf 86' lang='lat' dir='ltr'>necnon</span> <span class='ocrx_word' id='word_1_271' title='bbox 1166 2637 1300 2671; x_wconf 91' lang='lat' dir='ltr'>quoque</span> <span class='ocrx_word' id='word_1_272' title='bbox 1316 2627 1377 2660; x_wconf 84' lang='lat' dir='ltr'>rite</span> <span class='ocrx_word' id='word_1_273' title='bbox 1394 2626 1543 2670; x_wconf 78' lang='lat' dir='ltr'>probatis</span> <span class='ocrx_word' id='word_1_274' title='bbox 1557 2625 1582 2658; x_wconf 85' lang='lat'>1.</span> 
     </span>
    </p>
   </div>
  </div>
 </body>
</html>
