1721 2938
619 111 963 156 ECBASIS.
1389 109 1473 151 255

263 267 383 309 Unus
414 269 470 308 eis
502 269 685 317 animus,
731 277 980 320 quamquam
1012 276 1098 304 non
1124 265 1244 305 unica
1273 264 1418 313 virtus,

122 347 205 381 360
264 339 442 381 Perdere
473 354 549 381 nos
581 341 753 386 liscum,
792 352 837 376 ac
869 336 990 376 morti
1025 335 1185 376 tradere
1219 344 1446 390 quaerunt3

265 412 374 462 Quid
411 411 513 453 datis
543 411 687 451 auxilii
717 411 906 449 rabiosae
946 409 1144 448 obsistere
1174 408 1314 461 genti?

264 483 361 524 Non
392 492 575 535 puguant
609 482 819 530 manibus,
854 494 938 520 non
971 493 1088 521 arcus
1117 480 1298 520 tenditur
1324 483 1446 532 ullus,

264 554 420 593 missile
452 567 535 593 non
566 552 734 605 jacitur,
767 565 840 590 nec
873 549 1001 590 sunda
1041 564 1140 591 saxa
1174 560 1378 601 rotantur,

264 624 362 665 'Non
391 632 485 664 sunt
516 625 730 676 pennigeri
764 635 966 675 pugnaces
998 622 1198 673 insidiosi,

126 699 207 737 365
266 697 374 737 Nam
409 711 545 751 neque
583 697 689 736 calce
732 697 855 748 lupus
892 708 1028 749 neque
1069 709 1318 750 quemquam
1360 696 1480 740 dente

1127 769 1230 820 petit
1260 771 1357 822 bos;

269 841 387 881 Absit
418 842 529 881 solus
562 854 661 894 aper
691 847 728 880 et
761 840 950 892 corniger
981 840 1123 894 utique
1154 856 1311 893 cervus,

266 913 341 952 His
368 927 497 953 cornu
528 914 681 952 bellum
712 926 801 953 cum
838 911 971 953 dentis
999 913 1185 953 acumine
1216 928 1397 964 saevum,

269 985 467 1025 lusistunt
498 993 639 1036 antro,
683 999 765 1025 non
809 983 967 1025 decidet
996 985 1121 1024 ariete
1152 987 1313 1037 crebro,

268 1056 363 1096 Non
396 1066 508 1109 patet
542 1071 756 1107 ascensus,
807 1072 881 1097 nec
915 1056 1072 1097 scandit
1102 1056 1301 1098 ridiculus
1330 1073 1434 1099 mus.

134 1133 215 1169 370
274 1127 354 1169 Sed
386 1143 533 1169 vereor
571 1131 734 1183 vulpem
770 1130 936 1170 solitum
967 1130 1135 1169 turbare
1172 1130 1372 1179 bitumen,

271 1200 369 1241 Non
401 1202 564 1241 solitum
597 1210 753 1254 potest,
784 1203 924 1254 plures
955 1202 1033 1240 sibi
1066 1204 1237 1253 jungere
1266 1201 1429 1254 gaudet,

271 1272 334 1313 Ad
367 1288 430 1313 me
460 1272 717 1326 perdendum
749 1274 928 1326 vigilavit
957 1288 1053 1314 cura
1082 1287 1275 1326 suorum3

269 1343 485 1384 Praevalet
514 1345 557 1383 in
589 1354 789 1400 quantum
822 1345 1045 1385 cumulavit
1073 1344 1161 1397 ipsa
1193 1345 1428 1395 tumultum,

278 1414 322 1454 Si
352 1414 500 1455 desunt
532 1417 665 1465 vires,
714 1419 947 1469 regnabunt
980 1415 1162 1471 undique
1194 1417 1373 1460 fraudes.

135 1493 215 1528 375
276 1487 444 1529 Mortua
475 1490 523 1529 sit
554 1490 670 1542 vulpi
702 1490 883 1529 versutia
928 1487 1160 1541 decipiendi
1174 1487 1197 1528 Ρ

278 1560 469 1614 Namque
512 1559 594 1601 duo
627 1562 771 1602 famuli
806 1562 921 1601 nullo
953 1569 1111 1601 terrore
1147 1561 1317 1611 subacti,

279 1633 429 1674 Libere
459 1633 732 1687 respondent,
763 1633 871 1673 dicto
908 1633 1062 1687 talique
1095 1634 1337 1675 cohercent:

274 1706 382 1747 ‘Non
412 1706 538 1746 simus
571 1707 723 1756 injusti,
772 1719 907 1760 neque
939 1706 1088 1745 talibus
1119 1706 1319 1748 associati.

277 1776 420 1831 Culpis
451 1786 675 1830 gestorum,
716 1793 820 1833 (luae
861 1777 1086 1831 dampnent
1115 1792 1230 1818 more
1259 1792 1440 1829 reorum,

138 1855 218 1891 380
277 1850 342 1891 Ex
372 1851 434 1891 his
467 1852 603 1890 nullus
636 1851 734 1900 erit,
775 1850 847 1905 qui
878 1863 953 1890 nos
984 1849 1230 1890 convincere
1260 1852 1389 1904 possit

276 1922 486 1975 Sanguine
518 1921 568 1962 de
601 1923 761 1972 fratris,
795 1937 868 1963 nec
898 1936 984 1963 non
1015 1922 1065 1963 de
1097 1932 1229 1964 morte
1260 1926 1458 1978 parentis.

279 1994 459 2036 Coelibis
489 1994 670 2035 illaesam
700 1995 912 2047 cupientes
943 1993 1093 2035 ducere
1124 1996 1250 2037 vitam

280 2066 425 2108 Grates
455 2067 598 2107 factori
628 2066 903 2119 persolvimus
946 2067 1248 2121 omnipotenti,‘

276 2138 406 2192 Leges
438 2139 510 2194 qui
541 2140 699 2189 statuit,
730 2139 825 2179 sacti
857 2138 1140 2180 moderamina
1169 2142 1298 2192 jussit.

138 2215 218 2250 385
279 2208 396 2259 Quae
427 2209 525 2251 dare
558 2225 641 2252 non
671 2220 862 2264 poteras,
905 2212 1045 2252 hostili
1072 2215 1162 2263 jure
1193 2215 1375 2263 tenebas,

281 2283 413 2323 Nobis
449 2284 640 2335 jurabas,
685 2298 735 2324 ex
766 2284 845 2324 hoc
875 2285 948 2325 tibi
980 2285 1250 2336 consociaras,

279 2355 408 2396 Annis
437 2359 518 2406 jam
549 2365 705 2410 septem
737 2357 798 2398 vis
828 2370 912 2397 non
943 2357 1155 2398 incurrere
1189 2367 1376 2410 mortem,

278 2427 374 2467 Non
409 2428 462 2468 ita
493 2429 720 2481 promeriti,
756 2429 811 2469 sic
838 2441 912 2469 nos
946 2443 1159 2482 opponere
1191 2433 1327 2482 morti,

280 2497 513 2548 Fraudibus
544 2499 584 2538 in
623 2502 756 2553 vulpis
797 2516 902 2554 quae
934 2503 983 2542 sit
1026 2502 1099 2542 tibi
1133 2516 1230 2542 cura
1263 2503 1430 2553 timoris,

233 2618 299 2649 377
330 2615 434 2650 libera
459 2618 498 2651 Α.
