1721 2938
587 108 1089 175 WALrilARl‘Us.
1484 138 1511 178 5

270 284 488 334 Princeps,
531 291 569 322 et
601 294 768 324 cunctos
804 286 1021 337 compellat
1053 284 1109 323 sic
1140 285 1324 324 seniores

269 356 337 395 ‘Si
366 369 463 407 gens
492 364 571 394 tam
605 357 746 405 sortis,
788 358 855 395 cui
884 370 960 395 nos
991 357 1168 395 similare
1204 358 1446 410 nequimus,

269 429 399 467 Cessit
428 429 689 474 Pannoniae,
732 442 814 479 qua
843 441 919 466 nos
950 428 1101 467 virtute
1131 430 1281 480 putatis

158 502 210 535 60
269 499 375 537 Huic
401 497 589 536 conferre
616 510 783 534 manum
812 504 851 534 et
877 498 1049 548 patriam
1079 498 1299 539 defendere
1322 498 1479 539 dulcem
1491 498 1509 538 ἰ’

267 569 338 606 Est
368 568 516 615 satius,
554 575 718 618 pactum
751 567 900 606 saciant
930 582 1180 621 censumque
1215 580 1441 622 capessant.

266 639 401 679 Unica
432 647 529 678 nata
564 639 665 677 mihi
698 646 778 687 est,
820 653 942 691 quam
977 641 1137 679 tradere
1171 656 1246 692 pro
1276 644 1443 693 regione

264 711 360 750 Non
393 710 563 750 dubito:
608 719 763 749 tantum
796 720 966 762 pergant
995 712 1066 764 qui
1100 712 1265 752 foedera
1299 714 1482 754 firment.'

221 765 356 824 Ibant
386 784 507 835 legati
539 785 630 824 totis
665 784 807 835 gladiis
843 786 1029 836 spoliati,

154 862 205 896 65
266 858 466 897 Hostibus
497 857 732 905 insinuant,
775 857 888 910 quod
918 859 1022 908 regis
1052 859 1179 906 jussio
1215 860 1400 909 mandat,

265 930 321 969 Ut
353 937 509 969 cessent
541 937 700 968 vastare
730 937 887 979 rogant.
955 928 1070 976 Quos
1103 931 1226 970 Attila
1258 931 1425 981 ductor,

264 1000 319 1040 Ut
353 1002 499 1039 solitus
536 1001 690 1050 fuerat,
733 1000 882 1039 blande
916 1002 1117 1053 suscepit,
1159 1012 1195 1041 et
1227 1003 1362 1056 inquit·

263 1073 471 1113 ‘Foedera
502 1074 594 1125 plus
633 1074 780 1124 cupio,
823 1086 944 1124 quam
980 1074 1140 1123 proelia
1174 1074 1333 1113 mittere
1372 1079 1509 1128 vulgo.

262 1147 366 1184 Pace
399 1144 566 1198 quidem
600 1145 714 1183 Huni
751 1146 908 1183 malunt
939 1158 1133 1195 regnare,
1173 1146 1242 1184 sed
1276 1149 1398 1186 armis

151 1223 204 1256 70
264 1217 388 1256 Inviti
420 1218 597 1264 feriunt,
635 1230 740 1269 quos
771 1225 944 1255 cernunt
975 1230 1060 1254 esse
1089 1217 1275 1255 rebelles.

261 1289 352 1328 Rex
384 1288 433 1328 ad
468 1301 540 1329 nos
570 1289 740 1330 veniens
775 1304 913 1340 pacem
945 1289 1011 1327 det
1041 1297 1163 1339 atque
1197 1291 1403 1328 resumat)

206 1341 368 1402 Exivit
400 1364 615 1415 princeps,
658 1373 874 1416 asportans
906 1365 1188 1401 innumeratos

261 1436 522 1485 Thesauros,
563 1444 811 1487 pactumque
843 1434 960 1484 serit,
999 1442 1219 1486 natamque
1252 1434 1459 1486 relinquit.

261 1507 397 1557 Pergit
427 1507 469 1544 in
501 1506 671 1544 exilium
708 1506 984 1556 pulcherriffla
1015 1519 1174 1555 gemma
1209 1514 1439 1556 parentum.

150 1562 455 1634 75P0stquam
493 1583 710 1633 complevit
743 1589 930 1633 pactum,
976 1581 1197 1633 statuitque
1229 1581 1450 1628 tributum,

259 1654 382 1692 Attila
413 1653 455 1691 in
487 1652 678 1693 occiduas
712 1660 979 1705 promoverat
1015 1653 1174 1702 agmina
1208 1660 1356 1703 partes.

261 1725 452 1778 Namque
482 1726 789 1777 Aquitanorum
830 1734 926 1764 tunc
958 1726 1137 1776 Alphere
1173 1738 1297 1774 regna
1332 1725 1493 1763 tenebat

261 1796 392 1845 Quem
425 1798 609 1836 sobolem
642 1811 764 1836 sexus
795 1805 968 1836 narrant
998 1797 1189 1835 habuisse
1219 1796 1368 1843 virilis,

260 1868 438 1907 Nomine
469 1870 775 1919 Waltharium,
818 1870 1030 1921 primaevo
1060 1866 1162 1906 ssore
1194 1868 1406 1905 nitentem.

151 1943 203 1977 80
262 1938 367 1977 Nam
401 1941 686 1989 jusjurandum
718 1941 914 1979 Herrieus
945 1949 983 1978 et
1015 1939 1194 1990 Alpltere
1223 1951 1339 1988 reges

258 2011 372 2049 Inter
402 2025 443 2049 se
478 2011 695 2061 dederant,
735 2026 887 2064 pueros
922 2011 1033 2064 quod
1067 2011 1369 2058 consociarent,

264 2082 369 2121 Cum
401 2085 578 2134 primum
611 2091 772 2134 tempus
805 2083 989 2121 nubendi
1022 2083 1182 2122 venerit
1211 2083 1306 2121 illis.

261 2156 339 2193 llic
372 2156 442 2193 ubi
472 2156 685 2206 cognovit,
727 2164 864 2206 gentes
893 2156 966 2193 has
996 2168 1082 2193 esse
1114 2153 1321 2200 domums,

265 2226 469 2278 Coeperat
501 2228 659 2277 ingenti
693 2227 826 2266 cordis
862 2226 1067 2278 trepidare
1100 2232 1278 2277 pavore.'

150 2301 202 2334 85
263 2296 350 2335 Nec
379 2301 457 2346 jam
491 2310 582 2348 spes
614 2299 749 2338 fuerat
781 2298 912 2337 saevis
948 2295 1160 2335 defendier
1191 2295 1326 2334 armis.

263 2367 397 2416 ‘Quid
428 2372 650 2409 cessemns'
686 2370 762 2418 ait,
797 2370 856 2408 ‘si
884 2370 994 2408 bella
1024 2383 1186 2408 movere
1218 2363 1466 2418 nequimus?

220 2537 268 2566 58
292 2535 450 2569 simulare
474 2538 516 2572 C.
576 2540 622 2570 59
647 2547 709 2570 uos
735 2537 773 2570 C.
808 2546 907 2580 quam
933 2546 994 2569 nos
1020 2538 1059 2569 Α.
1127 2537 1173 2567 62
1199 2532 1276 2566 mihi
1297 2542 1397 2574 quam
1421 2532 1461 2565 B.
1477 2532 1501 2565 1.

150 2598 195 2627 63
222 2595 354 2627 firmant
381 2596 422 2628 Β.
494 2600 538 2630 66
566 2602 700 2630 cessant
729 2598 769 2631 Β.
843 2599 885 2629 71
914 2596 1070 2628 dextram
1097 2593 1154 2626 det
1186 2593 1227 2626 B.
1244 2593 1268 2625 l.
1344 2594 1389 2624 73
1421 2591 1503 2623 reli-

150 2655 224 2695 qnit
250 2656 288 2687 A.
308 2654 330 2687 1.
408 2657 451 2688 75
478 2657 684 2699 completum
712 2659 750 2690 A.
827 2658 870 2687 78
896 2665 997 2688 sexus
1024 2654 1175 2687 sobolem
1201 2653 1226 2686 l.
1257 2656 1298 2684 81
1330 2656 1365 2684 ut
1390 2650 1417 2684 Ι.
