1721 2938
580 144 1072 188 WAL'I'HARIUS.
1453 152 1508 192 49

318 300 541 337 Incurrunt
559 299 765 338 homiuem
787 314 896 338 nunc
916 300 1058 349 ambo,
1089 314 1281 353 nuncque
1307 301 1503 354 vicissi1113

154 373 258 410 1³35
320 371 367 408 131
397 369 494 409 dum
527 384 747 422 progresso
777 385 819 410 se
850 369 1108 423 impenderet
1136 371 1270 410 acrius
1301 373 1391 420 uni,

317 441 378 479 En
416 440 466 480 de
498 449 615 493 parte
641 442 720 480 alia
754 443 865 480 subit
894 442 997 482 alter
1028 450 1065 482 et
1093 442 1264 495 impedit
1293 443 1432 485 ictum.

316 513 436 551 Haud
465 513 600 562 aliter,
629 512 822 552 numidus
850 528 971 566 quam
999 513 1097 554 dum
1124 516 1344 556 venabitur
1370 531 1504 568 ursum,

314 584 364 622 Et
394 584 565 622 canibus
593 581 868 623 circumdatus
899 592 1002 624 astat
1034 593 1071 624 et
1103 588 1275 626 artubus
1306 589 1469 639 horret,

314 654 365 693 Et
395 661 516 705 caput
548 654 757 693 occultans
788 656 1122 703 submurmurat,
1150 669 1195 694 ae
1232 659 1472 710 propiantes

149 727 255 766 1340
319 726 572 777 Amplexans
604 727 774 765 umbros
805 727 998 766 miserum
1031 725 1181 766 mutire
1213 737 1390 775 coartat3

316 800 422 838 Tum
453 797 590 837 rabidi
621 798 772 837 circum
807 799 955 837 latrant
988 799 1083 837 lniuc
1113 797 1209 839 inde
1238 802 1405 841 molossi

318 868 541 918 Cominus,
582 883 627 909 ac
656 869 769 909 dirae
802 879 990 910 metuunt
1017 869 1210 911 accedere
1241 873 1399 913 beluae.

313 942 470 982 Taliter
500 943 540 981 in
573 956 726 981 nonam
761 943 978 982 coullictus
1007 942 1184 982 fluxerat
1217 943 1390 993 undam,

313 1014 363 1054 Et
394 1015 545 1067 triplex
576 1014 708 1054 inerat
740 1016 895 1054 cunctis
928 1015 1149 1054 maceratio
1180 1015 1274 1062 leti,

150 1085 254 1125 1345
312 1087 469 1127 Terror
500 1095 538 1126 et
568 1087 653 1140 ipse
684 1087 801 1127 labor
833 1086 1039 1137 bellandi,
1083 1088 1179 1128 solis
1214 1096 1251 1128 et
1282 1088 1418 1129 ardor.

271 1144 448 1200 Interea
478 1162 616 1200 herois
647 1161 783 1214 coepit
812 1163 1037 1214 subrepere
1071 1162 1198 1201 menti

310 1233 534 1283 Quiddam,
565 1234 637 1287 qui
659 1236 779 1275 tacito
803 1237 950 1288 premit
974 1237 1045 1276 has
1071 1238 1147 1276 sul)
1170 1236 1293 1277 corde
1315 1237 1501 1291 loquelas

313 1306 378 1346 ‘Si
411 1308 575 1347 fortuna
604 1307 712 1347 viam
746 1322 830 1348 non
863 1309 1197 1356 commutaverit,
1237 1309 1304 1348 isti

313 1380 432 1419 Vana
462 1379 672 1430 fatigatum
702 1387 852 1419 memet
885 1394 960 1433 per
991 1379 1149 1421 ludicra
1182 1381 1351 1421 fallent)

150 1457 255 1491 1350
314 1452 413 1491 Ilico
445 1460 483 1490 et
515 1450 605 1490 data
638 1452 857 1502 Haganoni
889 1467 987 1494 voce
1021 1453 1234 1505 profatur:

311 1521 366 1563 ‘O
399 1524 578 1575 paliure,
610 1523 719 1563 vires
752 1524 882 1574 soliis,
924 1533 967 1564 ut
997 1537 1180 1577 pungere
1212 1524 1361 1576 possis,

309 1598 373 1636 Tu
405 1595 592 1636 saltando
624 1598 763 1646 iocans
793 1604 882 1635 artu
915 1609 979 1635 me
1014 1595 1155 1636 ludere
1186 1604 1381 1649 temptas:

311 1667 390 1707 Sed
420 1670 500 1717 jam
530 1669 653 1718 faxo,
683 1669 819 1709 locum
843 1670 1014 1722 propius
1046 1684 1096 1710 ne
1123 1667 1316 1708 accedere
1343 1667 1499 1718 tardes;

311 1740 413 1781 Ecce
442 1748 533 1780 tuas
564 1740 648 1780 scio
678 1740 955 1793 praegrandes
989 1740 1031 1780 in
1062 1753 1235 1793 corpore
1270 1739 1398 1786 vires,

144 1816 249 1852 1355
310 1813 380 1851 Me
411 1812 520 1865 piget
550 1813 754 1854 incassum
785 1822 920 1854 tantos
953 1813 1126 1853 sufferre
1164 1810 1354 1852 labores)

308 1885 429 1925 Dixit
461 1893 499 1926 et
530 1885 724 1925 exsiliens
756 1894 922 1926 contum
954 1884 1153 1925 contorsit
1183 1884 1225 1922 iu
1256 1883 1394 1931 illum,

308 1958 390 2004 Qui
415 1971 586 2009 pergens
613 1967 754 1998 onerat
780 1959 954 2010 clipeum
981 1956 1218 2009 dirimitque
1241 1955 1496 2008 aliquantum

310 2025 504 2075 Lol-icae,
543 2041 588 2068 ac
618 2041 764 2079 magno
793 2027 999 2067 modicum
1031 2025 1081 2066 de
1111 2039 1286 2078 corpore
1317 2025 1497 2078 stringit3

311 2098 505 2152 Denique
536 2099 767 2151 praecipuis
795 2099 1053 2152 praecinctus
1082 2099 1252 2137 fulserat
1280 2096 1418 2137 armis.

142 2179 249 2215 1360
263 2155 335 2211 At
367 2173 430 2212 vir
462 2174 747 2221 VValtharius,
788 2174 911 2212 missa
941 2188 1029 2212 cum
1063 2172 1230 2224 cuspide
1261 2184 1450 2213 currens,

307 2246 530 2298 Evaginato
567 2262 703 2300 regem
733 2248 1011 2300 importunior
1046 2260 1143 2286 ense

210 2379 300 2409 1335
327 2387 508 2420 progressu
535 2377 573 2410 D.
639 2378 725 2409 1337
752 2375 909 2409 <lumidus
935 2375 1014 2418 quia
1039 2374 1081 2408 D.
1144 2374 1228 2406 1341
1258 2372 1364 2416 rapidi
1391 2375 1430 2407 A.
1452 2373 1492 2408 D.

143 2439 230 2469 1312
255 2437 442 2470 comminus
468 2437 509 2471 B.
535 2438 574 2470 D.
628 2439 717 2470 1343
745 2435 860 2470 horam
889 2438 927 2470 Α.
953 2436 992 2470 D.
1046 2436 1136 2468 1344
1162 2434 1292 2467 cunctis
1316 2433 1425 2467 inerat
1452 2432 1492 2468 Β.

140 2498 228 2529 1346
260 2507 423 2540 surepere
455 2497 496 2532 B.
582 2498 673 2530 1348
707 2497 780 2530 istis
816 2498 857 2530 D.
939 2498 1029 2528 1349
1065 2495 1246 2536 fugitatum
1282 2494 1322 2526 D.
1400 2496 1489 2527 1351

137 2559 251 2591 uirens
276 2559 317 2592 Α,
353 2559 404 2590 vel
431 2567 585 2601 pungere
611 2557 651 2591 D.
705 2560 796 2590 1:354
823 2561 898 2590 tuas
922 2555 992 2589 cito
1018 2553 1227 2598 pergrandes
1246 2553 1286 2588 D.
1320 2553 1492 2590 ostendito

136 2618 227 2651 uires
261 2618 301 2653 B.
330 2618 372 2651 D.
447 2619 537 2649 1356
573 2616 681 2659 ipsum
718 2617 759 2651 B.
838 2619 927 2649 1357
968 2624 1122 2658 pungens
1159 2614 1199 2648 D.
1285 2616 1376 2648 1359
1410 2623 1490 2658 pro-

136 2679 266 2711 cinctus
296 2680 333 2711 Α.

1149 2742 1175 2780 4
