1721 2938
160 627 238 664 125

164 988 245 1024 130

162 1418 242 1453 135

165 1848 246 1888 140

167 2277 246 2316 145

658 108 992 153 ECBASIS.
1426 105 1509 147 247

301 262 346 302 Si
378 262 542 302 redeam
575 263 722 314 gratis,
752 270 882 314 grates
914 261 1109 302 exolvero
1143 259 1260 310 divis,

296 336 418 376 Hisce
449 349 526 388 pro
557 336 709 374 meritis
741 335 907 375 dabitur
949 349 1070 386 caper
1099 336 1290 374 omnibus
1325 335 1429 374 aris)

509 407 724 458 responsio
755 405 936 455 ejusdem
967 407 1144 457 publica.

299 479 399 518 ‘Jam
430 477 586 518 dudum
619 477 822 528 ausculto,
853 478 922 518 sed
952 477 1088 517 dicere
1118 478 1238 529 plura
1268 474 1447 524 retardo,

297 551 484 591 lnberbis
512 552 697 600 juvenis,
726 551 912 590 tullensis
945 551 1121 590 discolus
1157 552 1282 598 urbis,

297 623 513 664 Peccatum
544 625 696 672 fateor,
732 624 923 673 juvenilis
954 637 1017 661 me
1048 632 1190 673 gravat
1217 636 1347 670 error,

297 695 389 734 Hoc
419 708 514 733 reus
548 695 695 733 existo.
740 695 885 734 nolens
918 707 1062 746 parere
1093 693 1284 744 magistro

298 767 430 806 Sensu
463 781 546 820 quo
578 766 686 805 sensi
720 765 891 806 dissolvi
921 767 1083 812 vincula
1113 767 1221 815 colli,

298 840 467 879 Huncce
498 841 633 878 locum
662 840 779 891 petii,
821 847 995 878 mortem
1029 839 1131 877 mihi
1158 840 1266 877 sorte
1297 839 1451 888 paravi,

299 912 418 950 Hanc
448 925 599 951 noxam
636 910 768 960 dona,
796 912 998 963 reliquam
1030 911 1062 949 si
1096 911 1230 950 fecero
1265 918 1411 948 macta.

302 984 555 1034 Non‘sacias
584 985 772 1034 longum,
803 997 1044 1033 magnorum
1076 983 1252 1022 maxime
1284 996 1439 1033 regum,

298 1056 415 1095 Pacis
446 1057 579 1109 palma
612 1054 754 1103 detur,
785 1054 916 1095 donec
947 1069 1034 1094 cras
1065 1056 1185 1094 missa
1217 1063 1400 1094 canatur.

298 1128 484 1166 Heinrici
515 1127 672 1179 placitis
706 1128 794 1180 cepi
825 1127 1106 1166 moderamina
1139 1128 1262 1178 pacis,

299 1199 355 1238 Ut
396 1207 492 1238 sunt
531 1199 680 1250 scripta
697 1207 885 1250 patrum,
936 1199 1071 1250 ploret
1116 1198 1384 1249 transgressio
1427 1198 1509 1236 fra-

1207 1278 1330 1317 trum,

300 1344 348 1382 In
381 1341 542 1382 levibns
573 1340 782 1390 modicus,
814 1355 889 1393 per
922 1341 1044 1380 fortia
1080 1342 1227 1380 sortior
1256 1342 1383 1380 ictus!

301 1415 408 1453 Tum
444 1413 635 1452 dominus
667 1427 813 1453 caveae
845 1414 1005 1452 ‘misere
1037 1413 1164 1464 cupis’
1191 1413 1336 1466 inquid
1369 1413 1510 1463 ‘abire,

300 1486 355 1525 Ut
389 1487 474 1524 vult
503 1486 590 1537 ipse
623 1484 743 1534 dens,
786 1493 972 1536 optatum
1005 1487 1053 1524 sit
1082 1486 1157 1524 tibi
1186 1493 1366 1537 tempus;

297 1557 404 1597 Illud
437 1556 569 1596 adhuc
599 1558 746 1606 jubeo,
784 1566 905 1596 temet
935 1572 1098 1598 servare
1131 1567 1350 1606 memento,

301 1643 475 1682 corpore
505 1638 584 1669 stes
615 1632 744 1679 laeto,
774 1629 1002 1669 concedens
1033 1632 1171 1670 oscula
1205 1631 1328 1671 caro)

618 1695 812 1742 'vitulus
869 1704 1005 1754 lupus.

301 1772 426 1821 ‘Quid
457 1775 610 1813 socium
644 1775 832 1822 simulas,
862 1783 901 1813 et
930 1775 1059 1814 amica
1093 1773 1237 1813 fraude
1265 1771 1467 1813 salutas'?’

304 1847 463 1886 ‘Pellilo
501 1860 680 1900 namque
717 1847 879 1896 samem,
919 1861 1147 1899 pransurus
1178 1847 1360 1886 scandito
1392 1845 1511 1886 sede?

768 1920 905 1971 lupus.

302 1989 402 2028 ‘Nec
437 2002 581 2040 poscas
611 1991 728 2029 vario
759 1993 935 2030 multum
970 1990 1131 2030 diversa
1162 1992 1311 2042 palato,

298 2059 581 2113 Quaecunque
612 2062 820 2102 inmundis
851 2063 1011 2103 fervent
1044 2064 1163 2102 allata
1193 2064 1372 2115 popiniS,

301 2132 439 2182 Quae,
471 2135 550 2173 nisi
583 2134 802 2184 divitibus,
832 2144 1046 2188 nequeunt
1075 2136 1311 2186 contingere
1339 2139 1512 2183 mensi53

304 2204 384 2244 Sed
416 2207 552 2257 potius
584 2207 693 2246 foliis
725 2221 872 2259 parcns
902 2208 1079 2247 vescaris
1111 2209 1282 2247 acerbis.

306 2277 355 2315 In
385 2279 583 2329 gravitate
614 2279 692 2318 cibi
726 2281 869 2318 crescit
902 2278 1105 2320 discordia
1131 2281 1278 2320 morbi.

303 2349 410 2390 Sunt
441 2352 542 2390 mihi
575 2353 777 2401 lactucae,
807 2350 978 2401 radices,
1008 2354 1164 2391 semina
1194 2354 1332 2393 silvae.

310 2421 459 2461 Sanior
489 2431 547 2462 est
577 2425 751 2464 mullum
784 2426 976 2473 cerebro,
1005 2426 1076 2478 qni
1105 2433 1217 2477 potat
1247 2434 1429 2465 acetum:

299 2491 366 2529 Ex
399 2492 499 2531 vitio
529 2495 688 2533 cerebri
719 2496 890 2534 frenesis
921 2495 1077 2535 furiosa
1108 2504 1308 2542 movetur,

237 2666 303 2697 137
328 2669 452 2698 memet
482 2668 519 2698 Α,
603 2668 668 2699 147
704 2667 816 2700 sanius
842 2672 892 2701 est
919 2669 1023 2702 muno
1048 2670 1223 2704 cerebrum
1251 2674 1288 2705 A.
