1721 2938
123 528 218 563 986.

122 599 217 634 987.

125 887 218 922 088.

126 1029 224 1064 990.

126 1249 220 1285 992.

129 1393 238 1430 1017

129 1685 253 1721 1019.

131 1758 254 1793 1020.

131 1829 255 1864 102L

131 1971 255 2010 1047.

132 2113 257 2150 1048.

135 2259 258 2294 1050.

137 2400 259 2436 1086.

137 2543 258 2578 1088.

617 79 966 124 ECBASIS.
1380 84 1465 127 315

208 263 218 272 .
274 231 371 272 Non
400 233 571 273 missura
604 242 738 274 cutem
771 236 850 275 nisi
879 237 1001 288 plena
1033 236 1189 276 cruoris
1222 235 1388 277 hirudo.

328 319 394 345 ars
427 315 538 358 poet.
570 309 666 347 476.

153 385 173 395 ”
210 409 219 419 .
279 379 314 420 O
349 381 423 433 qui
453 383 692 433 complexus
727 389 767 419 et
796 380 944 431 gaudia
976 390 1129 434 quanta
1161 383 1341 424 fuerunt.

326 453 498 492 serm.I.
532 458 569 502 5,
601 455 669 493 43.

276 524 448 564 Scrutor
472 527 716 575 raucisona,
750 540 848 564 num
876 525 926 565 sit
958 540 1125 579 quoque
1150 527 1279 567 fracta
1320 529 1465 581 lagena

276 594 396 644 Quod
427 598 528 637 mihi
556 599 741 650 poscenti
773 612 857 637 non
894 597 1046 636 dautur
1075 601 1224 650 pocula
1253 600 1354 642 vini.

326 685 446 710 serm.
487 671 540 710 ΙΙ.
582 677 628 721 8,
675 675 750 710 81:
811 669 981 719 Quaerit
1031 669 1080 710 de
1125 673 1289 724 pueris,
1347 688 1390 716 n.
1433 687 1467 715 s.

324 757 364 794 q.
398 743 426 780 f.
458 743 486 781 l.

481 812 602 861 Quod
634 813 710 852 sibi
745 828 784 864 p.
813 827 853 851 n.
885 812 1038 854 dentur
1064 831 1105 868 p.

277 883 384 923 Nam
415 899 550 937 neque
582 884 778 924 divitibus
811 886 1053 936 contingunt
1082 884 1228 936 gaudia
1257 886 1368 926 solis.

331 958 447 1010 epist.
478 960 507 997 Ι.
546 961 608 1006 17,
641 962 678 995 9.

280 1028 351 1067 ΝΗ
381 1029 460 1067 nisi
490 1030 582 1068 lene
613 1027 725 1067 dec‘et
758 1027 896 1067 vacuis
927 1026 1181 1066 committere
1214 1027 1344 1068 venis.

333 1115 454 1141 serm.
475 1103 526 1141 ΙΙ.
561 1105 598 1149 4,
627 1105 706 1140 25:
749 1100 945 1153 quoniam
976 1115 1016 1139 v.
1048 1114 1080 1139 c.
1111 1114 1151 1140 v.

274 1173 345 1212 Nil
377 1175 456 1214 nisi
484 1176 576 1213 lene
608 1171 735 1212 (lecet.

281 1244 471 1286 Oderunt
502 1246 672 1284 hilarem
707 1244 853 1283 moesti
882 1244 1122 1298 tristemque
1152 1245 1292 1294 jocosi.

334 1320 449 1371 epist.
475 1320 505 1357 l.
542 1323 603 1365 18,
635 1322 715 1356 89:
759 1317 891 1355 tristes
927 1317 1178 1370 tristemque.

281 1390 344 1430 Ne
377 1399 498 1442 turpe
530 1391 634 1429 toral
667 1403 740 1427 nec
769 1387 934 1428 sordida
964 1403 1115 1442 mappa

285 1463 486 1503 Sordidus
519 1471 587 1501 aut
619 1461 780 1514 dapifer
808 1475 928 1500 nares
960 1471 1160 1513 conruget
1191 1461 1398 1504 edentum.

335 1535 453 1586 epist.
481 1535 513 1572 I.
544 1539 582 1582 5,
613 1538 665 1572 21
698 1548 750 1573 ne
781 1541 809 1573 t.
834 1541 865 1573 t.
895 1548 946 1573 ne
979 1547 1012 1574 s.
1039 1549 1094 1574 m.

289 1607 492 1658 Corruget
521 1620 656 1646 nares.

285 1681 436 1732 Magna
461 1688 602 1720 movet
632 1679 843 1718 stomacho
874 1678 1061 1728 fastidia,
1101 1692 1171 1718 seu
1203 1694 1309 1731 puer
1341 1680 1475 1720 unctis

285 1754 493 1793 Tractavit
524 1752 686 1791 calicem
719 1751 920 1799 manibus,
955 1750 1051 1789 dum
1082 1752 1188 1790 surta
1225 1753 1399 1804 ligurrit,

286 1823 380 1863 Sive
411 1825 544 1875 gravis
575 1822 703 1863 veteri
736 1832 915 1862 craterae
944 1825 1066 1863 limus
1097 1823 1294 1865 adhaesit.

336 1910 455 1936 serm.
486 1897 538 1935 ΙΙ.
572 1898 610 1944 4,
641 1900 785 1934 78-80.

289 1969 348 2007 Te
384 1976 455 2007 tua
492 1969 612 2020 culpa
650 1968 814 2020 premit.
901 1975 972 2016 tu,
1032 1967 1129 2006 dum
1163 1976 1233 2007 tua
1274 1970 1389 2010 navis
1433 1972 1476 2011 in

337 2042 419 2079 alto
453 2049 524 2089 est,

291 2110 381 2148 Hoc
413 2123 508 2159 age,
542 2123 592 2146 ne
626 2116 780 2146 mutata
812 2115 1037 2146 retrorsum
1071 2115 1109 2146 te
1140 2109 1262 2148 vehat
1291 2124 1405 2150 aura.

337 2183 454 2233 epish
483 2170 521 2222 I:
549 2186 612 2227 18,
645 2186 712 2220 87.
745 2187 823 2220 88:
859 2181 962 2218 serat
992 2194 1104 2219 aura.

288 2254 395 2292 Nam
427 2254 554 2291 semel
584 2253 775 2291 emissum
807 2253 917 2290 volat
949 2251 1219 2290 irrevocabile
1250 2253 1437 2293 verbum.

340 2325 453 2376 epist.
484 2326 517 2363 I.
552 2328 615 2373 18,
650 2329 727 2362 71:
771 2324 823 2363 Et
853 2323 992 2362 semel.

290 2396 397 2434 Nam
430 2398 612 2447 neglecta
644 2398 777 2453 solent
806 2395 996 2436 incendia
1027 2408 1188 2434 sumere
1218 2395 1340 2435 vires.

342 2468 456 2519 epist.
486 2468 519 2505 I.
551 2471 614 2514 18,
647 2472 715 2507 85.
772 2469 823 2506 Et
852 2469 1046 2518 neglecta.

289 2539 396 2578 Nam
430 2546 500 2577 tua
530 2552 596 2577 res
625 2539 758 2590 agitur
784 2540 920 2591 paries
949 2554 1041 2579 cum
1070 2539 1284 2591 proximus
1314 2537 1442 2580 ardet.

342 2610 518 2651 ‹laselbst
553 2612 618 2651 84.
