1721 2938
207 81 287 122 162
526 80 565 120 R
584 79 621 121 U
639 80 678 121 O
696 79 734 122 D
752 78 787 119 L
804 78 819 118 1
839 78 874 119 Ε
893 79 927 119 Β
989 79 1138 133 fragm.
1169 79 1241 121 lv.

203 240 254 275 55
317 234 423 287 [Ml]
453 233 724 286 praetermisit
754 233 914 281 juvenis
946 232 1058 286 quod
1090 248 1194 286 opus
1225 236 1312 275 sore
1349 236 1463 276 vidit.

317 306 491 359 [ssov]es
517 306 619 344 sicut
653 302 750 344 o‘ves
782 304 988 358 adaquat,
1020 319 1220 357 porcosve
1253 308 1438 359 capellas.

318 377 566 430 [Ap]portat,
588 378 744 416 soeuum
778 379 927 431 quibus
958 387 1140 418 auuouat
1173 377 1412 430 parafredis.

319 449 486 502 [Omne]
520 451 614 489 fecit
640 459 785 503 sponte
817 452 895 490 sibi
927 453 1091 491 nemine
1123 450 1411 503 praecipiente.

317 525 379 577 [Si
409 523 530 578 quid]
564 524 666 564 alins
701 532 786 562 erat
819 537 948 576 opuS,
975 523 1016 563 id
1047 524 1267 565 studiosius
1298 524 1389 575 egit.

211 606 262 639 60
324 598 389 649 [Et
416 597 524 647 cum]
557 610 633 648 per
662 595 842 635 triduum
877 598 1087 636 mansisset
1119 599 1175 636 sic
1206 597 1315 650 apud
1343 598 1473 646 illum,

320 673 359 711 ls
404 670 504 721 n]isi
532 670 754 717 buccellam
782 670 860 709 sibi
888 671 947 709 nil
976 669 1085 709 dedit
1118 668 1168 708 ad
1207 668 1500 710 comedendum

56 749 206 795 fulmo&
323 744 511 796 Cumque
541 741 695 782 diutius
726 742 899 780 esuriem
932 741 1106 791 sufferre
1133 742 1337 796 nequiret,

319 817 547 856 Inclinabat
574 815 612 853 ei
643 814 813 867 cupiens
847 815 926 854 alio
961 814 1176 866 proficisci.

322 891 393 930 llle
425 889 504 927 sibi
535 888 662 938 dixit,
691 889 801 927 huuc
833 901 925 926 cum
957 886 1146 926 secedere
1177 887 1300 928 vidit:

210 968 264 1003 65
323 963 444 1002 Nunc
470 962 536 1005 hic
568 968 654 999 esto
686 959 771 999 dies
801 961 919 1000 binos
949 959 1237 1000 tautummodo
1269 961 1334 1000 vel
1366 970 1457 1009 tres,

317 1033 569 1073 Alterutrum
601 1041 765 1072 nostros
795 1046 930 1072 mores
960 1032 1091 1073 donec
1117 1033 1342 1073 videamus.

321 1107 537 1151 Couseusit
567 1106 756 1156 juvenis,
787 1120 885 1148 mox
916 1115 1086 1158 augetur
1119 1106 1196 1144 sibi
1225 1107 1355 1158 panis,

319 1179 536 1228 Quadrans
567 1192 687 1218 mane
719 1177 840 1217 datur
868 1179 974 1227 sibi,
1004 1180 1109 1218 sero*
1128 1177 1304 1218 dabatur
1337 1187 1375 1217 et
1404 1180 1519 1219 alter.

315 1253 474 1291 Interea
504 1260 618 1303 rogat
650 1252 782 1300 hunc,
826 1251 861 1289 si
890 1265 1015 1304 quam
1048 1251 1286 1301 cognoverit
1316 1260 1442 1291 artem
1455 1251 1473 1290 ἰ’

207 1330 258 1364 70
317 1325 510 1373 “Al-tem,
550 1337 677 1377 quam
706 1337 868 1374 possem
901 1337 1171 1374 cognoscere,
1212 1322 1298 1372 dic,
1330 1324 1552 1373 meliorem,

319 1396 453 1445 Quam
485 1397 598 1450 quod
627 1409 753 1436 nosco
784 1397 896 1435 cibos
925 1397 1059 1436 lautos
1091 1395 1320 1447 confingere
1350 1396 1522 1450 pl[ures]

319 1471 484 1510 Vilibus
518 1485 569 1508 ex
600 1469 748 1518 causis,
781 1483 833 1507 ex
866 1469 1004 1506 herbis
1034 1469 1120 1508 sive
1148 1469 1305 1518 farinis,

321 1542 384 1582 Ad
422 1556 527 1595 quae
565 1542 622 1580 nil
653 1541 732 1580 nisi
763 1541 826 1580 lac
854 1555 980 1593 posco
1012 1539 1271 1580 modicumve
1305 1540 1524 1592 sagi[men]

319 1614 369 1653 Et
399 1622 558 1653 tantum
589 1614 707 1662 salis,
737 1613 930 1652 deturut
961 1612 1135 1653 dulcedo
1163 1613 1317 1664 sapori.

210 1692 261 1726 75
319 1687 391 1727 Est
415 1686 547 1732 aliud,
577 1686 765 1734 domiue,
799 1686 918 1725 nobis
949 1679 1118 1725 omnino
1149 1700 1323 1734 necesse,

321 1759 444 1808 Quod
476 1773 561 1798 non
590 1760 710 1799 irasci
742 1757 866 1797 debes
898 1757 947 1797 de
977 1772 1042 1797 me
1074 1758 1147 1797 tibi
1181 1757 1294 1797 dici.”

321 1833 447 1880 ‘Dic,'
481 1832 561 1880 ait,
590 1830 646 1869 ‘id
677 1830 776 1883 quid
801 1832 876 1878 sit,
905 1844 990 1870 non
1022 1831 1206 1870 irascor)
1264 1831 1375 1869 Puer
1395 1830 1552 1884 inquit:

320 1904 408 1943 “Eu
439 1905 551 1944 velut
583 1917 644 1953 es,
673 1903 826 1943 cunctis
856 1901 968 1943 dives
998 1902 1094 1942 satis
1125 1898 1211 1942 esse
1237 1901 1404 1949 videris,

321 1976 495 2015 Bidinus
527 1984 585 2015 est
614 1976 733 2028 panis
767 1976 978 2015 solaminis
1011 1977 1144 2015 omnis
1173 1974 1321 2024 inanis,

211 2054 263 2088 80
321 2048 571 2089 Furfuribus
603 2050 774 2100 plenus,
807 2048 966 2097 fuscus,
991 2049 1091 2088 lolio
1121 2049 1186 2087 vel
1217 2061 1392 2087 amarus.

323 2121 368 2160 Si
396 2129 661 2172 praesentare
692 2119 793 2159 mihi
821 2120 882 2159 vis
911 2124 1108 2174 cujusque
1137 2110 1293 2159 farinae

322 2194 403 2232 Vel
434 2192 620 2232 modium
650 2193 717 2232 vel
746 2190 960 2231 dimidium
996 2193 1081 2244 [ad]
1113 2206 1239 2245 panes
1268 2193 1513 2236 faciendum,

322 2265 405 2304 Tot
437 2265 539 2304 bene
578 2264 778 2303 cribratos
807 2265 1079 2314 praesentabo
1111 2263 1186 2301 tibi
1213 2276 1354 2314 panes,

321 2338 485 2377 Semine
517 2336 703 2377 conditos
733 2337 816 2388 apii
849 2337 912 2376 vel
938 2337 1021 2375 sale
1051 2346 1274 2387 respersos,

211 2418 261 2452 85
320 2413 370 2451 Et
429 2442 439 2451 .
499 2439 508 2449 .
566 2439 577 2449 .
636 2438 646 2448 .
706 2438 716 2448 .
772 2423 868 2449 uras
900 2410 1055 2462 aliquas
1086 2406 1203 2447 lardo
1235 2415 1518 2459 superunctas,

322 2485 459 2537 Atque
490 2477 716 2521 coronellas
777 2511 786 2520 .
847 2511 856 2521 .
919 2510 928 2521 .
988 2510 998 2520 .
1058 2481 1119 2519 uti
1152 2480 1344 2518 menclas.

324 2557 435 2595 Haec
464 2557 618 2595 faciens
645 2569 803 2593 merum
861 2583 871 2593 .
933 2583 942 2592 .
1003 2583 1014 2592 .
1070 2554 1147 2592 tibi
1203 2581 1213 2591 .

326 2627 532 2680 Quicquid
564 2638 602 2668 et
633 2641 685 2667 ex
717 2628 827 2666 cribr
