1721 2938
553 173 1050 217 WAL't‘HARtUS.
1428 174 1481 215 19

133 337 212 375 465
273 333 440 374 Laetior
470 334 510 371 in
542 330 722 371 medium
753 330 953 384 prompsit
986 329 1035 369 de
1065 339 1229 382 pectore
1264 336 1459 377 verbum:

276 403 565 455 ‘Congaudete
599 404 724 454 mihi,
750 416 924 455 quaeso,
957 401 1054 455 quia
1084 403 1178 441 taIIa
1212 406 1333 457 novi,

270 477 528 519 waltharius
558 475 710 524 collega
742 487 856 513 meus
885 475 1079 513 remeavit
1109 475 1160 513 ab
1193 477 1354 519 Hunis.’

272 549 558 594 Vociferatur,
597 554 636 584 et
665 545 797 584 omnis
831 545 868 583 ei
898 559 998 584 mox
1029 546 1122 584 aula
1149 550 1354 591 reclamat.

271 619 527 659 Guntharius
556 617 747 669 prInceps
778 630 830 655 ex
864 618 938 655 hac
966 617 1125 655 ratione
1155 623 1383 674 superbuS,

134 697 213 733 470
272 689 562 742 ‘Congaudete
592 689 692 729 milti
722 690 870 739 jubeo,
908 689 1005 741 quia
1035 689 1128 727 talia
1155 691 1253 730 vixi.

277 766 430 804 Gazam
463 777 588 816 quam
622 762 798 800 Gibicho
825 762 910 812 regi
943 761 1165 800 transmisit
1195 776 1295 813 eoo,

272 839 390 876 Hanc
421 850 529 875 nunc
556 834 836 885 cunctipotens
867 833 947 871 huc
979 832 1020 870 in
1051 847 1140 872 mea
1164 848 1289 886 regna
1307 841 1489 883 remisit.'

270 911 382 948 Haec
413 909 490 957 ait,
532 915 571 945 et
602 919 784 945 mensam
816 905 920 957 pede
953 907 1127 957 perculit
1162 908 1418 964 exiliensque

270 982 436 1020 Ducere
470 993 623 1032 equum
653 980 789 1027 jubet,
834 986 872 1016 et
910 979 1008 1016 sella
1042 992 1290 1030 componere
1321 988 1492 1040 sculpta,

135 1054 216 1092 475
276 1054 411 1105 Atque
442 1051 554 1091 omni
585 1050 634 1089 de
666 1052 785 1102 plebe
816 1051 925 1089 viros
956 1064 1093 1089 secum
1126 1050 1362 1106 duodenos,

274 1125 444 1163 Viribus
476 1123 676 1173 insignes,
719 1123 864 1162 animis
896 1124 1139 1174 plerumque
1169 1125 1366 1174 probatos

273 1197 469 1247 Legerat,
504 1195 611 1233 inter
639 1207 744 1247 quos
776 1194 898 1233 simul
927 1195 986 1232 ire
1019 1195 1244 1245 Haganona
1273 1200 1459 1256 jubebat,

278 1267 361 1316 Qui
394 1278 550 1305 memor
582 1268 774 1319 antiquae
804 1265 898 1305 fidei
928 1266 1109 1319 sociique
1139 1269 1313 1320 prioris,

277 1340 433 1380 Nititur
463 1355 486 1378 a
518 1339 671 1391 coeptis
701 1338 914 1377 dominum
947 1347 1220 1379 transvertere
1250 1344 1387 1387 rebus,

140 1416 221 1455 480
279 1414 369 1452 Rex
400 1420 535 1451 tamen
568 1425 589 1449 e
620 1418 763 1450 contra
794 1411 1060 1449 nibilominus
1093 1411 1214 1451 instat
1244 1423 1284 1453 et
1314 1417 1425 1461 infit:

281 1485 365 1525 ‘Ne
394 1483 548 1523 tardate
579 1484 679 1532 viri,
720 1482 965 1533 praecingite
999 1496 1175 1533 corpora
1204 1484 1315 1526 serro

281 1557 445 1606 Fortia,
479 1568 721 1609 squamosus
753 1556 900 1594 thorax
939 1558 1017 1604 jam
1055 1563 1166 1605 terga
1198 1560 1407 1603 recondat.

278 1631 355 1668 llic
386 1637 542 1667 tantum
574 1642 696 1678 gazae
728 1627 895 1666 Francis
926 1625 1096 1665 deducat
1129 1629 1179 1665 ab
1213 1630 1347 1671 oris?'

279 1700 474 1740 lnstructi
504 1702 616 1749 telis,
647 1714 741 1738 nam
768 1699 895 1748 jussio
925 1699 1031 1749 regis
1062 1699 1256 1750 adurget,

141 1775 220 1811 485
280 1773 457 1811 inbant
491 1773 642 1823 portis»,
674 1781 710 1811 te
746 1771 1026 1810 waltharium
1059 1771 1270 1822 cupientes

281 1843 480 1891 Cernere,
518 1851 556 1880 et
588 1843 791 1881 imbellem
823 1842 945 1880 lucris
976 1841 1168 1880 fraudare
1198 1850 1404 1893 putantes.

285 1915 364 1955 Sed
396 1924 530 1954 tamen
564 1913 811 1953 omnimodis
838 1914 1010 1963 Ilagano
1045 1913 1265 1964 prohibere
1294 1917 1501 1961 studebat.

285 1988 337 2025 At
365 2001 440 2025 rex
469 1987 614 2024 infelix
648 1989 801 2038 coeptis
834 1986 1075 2037 resipiscere
1107 1999 1188 2023 nou
1222 1986 1325 2025 vult.

248 2044 423 2100 Interea
452 2062 516 2100 vir
546 2061 829 2109 magnanimus
860 2059 909 2098 (le
941 2060 1110 2097 flumine
1142 2072 1315 2111 pergens

146 2138 228 2176 490
288 2137 471 2175 Venerat
500 2137 542 2174 iu
574 2136 719 2173 saltum
751 2137 831 2184 jam
862 2143 948 2174 tum
972 2135 1183 2184 Vosagum
1213 2134 1446 2174 vocitatum.

285 2209 391 2248 Nam
423 2222 566 2247 nemus
599 2214 656 2246 est
688 2208 851 2258 ingens,
882 2208 1125 2258 spatiosum,
1156 2208 1284 2246 lustra
1314 2208 1496 2248 ferarum

286 2283 467 2321 Plurima
494 2282 668 2327 habens,
700 2287 860 2317 suetum
883 2279 1052 2318 canibus
1073 2293 1267 2318 resonare
1292 2282 1498 2333 tubisque.

286 2353 392 2392 Sunt
422 2354 463 2391 in
495 2366 650 2392 secessu
683 2351 771 2390 bini
802 2359 1045 2403 montesque
1077 2351 1328 2402 propinqui,

221 2472 289 2502 466
316 2481 446 2502 mecum
472 2470 498 2501 l.
572 2471 641 2501 468
678 2466 935 2509 (6)ιιη(ὶΙιΜίιιε
969 2470 1003 2498 et
1035 2467 1142 2498 omnis
1174 2466 1215 2500 Β.
1300 2470 1367 2500 469
1403 2471 1499 2503 uoci-

151 2531 279 2562 seratur
307 2530 346 2562 Β.
406 2532 475 2561 470
501 2530 577 2561 noui
607 2529 645 2562 Β.
711 2530 780 2560 472
808 2538 895 2560 nunc
922 2538 1030 2559 nonne
1058 2529 1096 2559 Α.
1160 2530 1229 2558 472
1255 2538 1341 2560 nune
1368 2529 1445 2562 mitti
1472 2531 1498 2566 1,

152 2593 220 2623 473
248 2589 384 2633 pertulit
404 2589 443 2622 C.
502 2590 569 2621 476
595 2590 690 2621 annis
710 2589 749 2622 C.
807 2591 875 2620 477
903 2587 1054 2628 tnaganon
1083 2587 1229 2618 audebat
1249 2588 1288 2620 B.
1324 2587 1499 2632 haganona

154 2652 203 2683 ire
229 2650 254 2684 1.
304 2652 372 2682 479
398 2649 548 2691 acceptis
575 2650 614 2681 A.
664 2651 730 2681 481
761 2650 959 2691 precingere
988 2647 1025 2679 Β.
1049 2647 1073 2679 l.
1130 2649 1197 2680 483
1228 2649 1367 2683 Francis
1391 2663 1499 2694 gazae

153 2711 295 2743 deduxit
318 2710 356 2743 C.
429 2711 498 2741 490
524 2709 588 2741 iam
615 2713 694 2742 tunc
719 2711 757 2741 A.
793 2718 939 2749 vosagus
959 2707 998 2739 C.

1136 2779 1156 2801 τ)
1184 2775 1203 2796 >k

1134 2803 1156 2812 υ
