1721 2938
575 152 1077 195 WALTHARIUS.
1447 156 1500 194 5³23

285 306 334 344 Et
365 314 403 344 te
434 318 704 356 conservans,
743 307 982 346 melioribus
1015 314 1127 345 utere
1160 306 1266 346 fatis.

288 380 464 428 Desine,
499 394 593 418 nam
623 388 694 418 tua
723 387 762 418 te
793 380 956 420 fervens
987 378 1134 418 fiducia
1165 379 1293 431 sallit3

290 452 476 491 Heroum
506 459 564 489 tot
592 464 713 489 cerne
744 464 862 490 neces
893 458 930 490 et
963 449 1059 489 cede
1091 449 1252 500 duello,

150 528 228 562 885
288 523 352 562 Ne
387 516 576 573 supfema
608 521 750 560 videns
781 522 916 561 hostes
946 523 1067 561 facias
1103 523 1203 562 mihi
1233 525 1399 575 plures.'

287 593 419 642 ‘Quid
453 593 502 632 de
531 601 664 632 morte
695 606 787 631 mea
820 594 957 631 curas'
992 595 1045 632 ait
1076 595 1143 632 ille
1176 594 1386 634 ‘tirannei'

284 666 353 704 Est
373 665 495 704 modo
514 664 780 715 pugnandum
802 665 982 715 tibimet,
1012 678 1096 703 non
1120 665 1501 706 sermocinandum-⁷

289 737 430 786 Dixit,
460 746 497 775 et
527 738 569 775 in
600 739 727 777 verbo
759 737 958 777 nodosam
989 736 1162 776 destinat
1193 737 1369 788 hastam,

287 808 465 860 Cuspide
497 824 618 861 quam
663 811 831 861 propria
863 809 1069 850 divertens
1100 811 1308 849 transtulit
1350 812 1492 861 heros,

149 886 229 920 890
289 880 404 929 Quae
435 882 629 920 subvecta
661 883 766 921 coris
798 897 842 920 ac
872 882 1029 921 viribus
1065 890 1151 920 acta
1183 883 1357 921 furentis

286 955 330 992 ln
366 963 541 993 castrum
573 954 684 993 venit
716 962 838 1006 atque
870 953 994 1005 pedes
1025 955 1131 993 stetit
1162 962 1255 993 ante
1288 956 1461 1006 puellae,

286 1026 380 1077 Ipsa
411 1035 519 1064 metu
551 1027 737 1076 perculsa
771 1039 917 1065 sonum
949 1027 1151 1077 prompsit
1182 1027 1438 1065 muliebrem.

288 1099 359 1148 At,
398 1106 616 1150 postquam
651 1099 782 1136 tenuis
812 1096 915 1137 redit
947 1099 988 1136 in
1021 1098 1261 1149 praecordia
1293 1100 1444 1147 virtus,

287 1168 460 1206 Paulum
493 1170 718 1219 suspiciens
749 1178 923 1220 spectat,
966 1183 1063 1208 num
1095 1170 1253 1209 viveret
1284 1172 1419 1210 heros.

150 1250 230 1285 895
253 1225 399 1281 ΓΓιιιιο
433 1257 601 1295 quoque
632 1244 694 1282 vir
731 1245 847 1282 sortis
878 1243 1082 1281 Francum
1118 1243 1314 1283 decedere
1348 1247 1457 1285 bello

291 1319 429 1357 Jussit.
491 1326 529 1356 at
560 1320 628 1356 ille
659 1320 799 1357 furens
831 1318 1009 1369 gladium
1042 1318 1235 1366 nudavit,
1268 1327 1305 1357 et
1335 1320 1468 1370 ipsum

289 1391 510 1428 Incurrens
541 1391 680 1441 petiit,
711 1392 945 1441 vulnusque
977 1404 998 1427 a
1027 1389 1176 1428 vertice
1204 1391 1341 1428 librat.

287 1460 532 1512 Alpharides
565 1475 745 1511 parmam
779 1460 942 1499 demum
976 1469 1234 1498 concusserat
1263 1470 1418 1512 aptam,

289 1532 340 1571 Et
370 1533 596 1584 spumantis
630 1532 717 1583 apri
750 1531 941 1570 frendens
973 1529 1022 1568 de
1053 1545 1166 1570 more
1201 1534 1369 1571 tacebat.

151 1608 230 1641 900
291 1606 362 1643 Ille
395 1605 516 1643 ferire
548 1606 713 1652 volens,
744 1618 785 1642 se
817 1605 991 1655 pronior
1020 1603 1152 1641 omnis
1183 1603 1231 1641 ad
1265 1604 1387 1644 ictum

289 1677 514 1728 Exposuit3
553 1675 623 1714 sed
658 1677 915 1715 waltharius
947 1677 1022 1714 sub
1055 1676 1228 1725 tegmine
1259 1675 1391 1713 flexus

292 1749 487 1796 Delituit,
523 1762 756 1801 corpusque
787 1761 905 1786 suum
938 1746 1163 1793 contraxit,
1195 1753 1235 1783 et
1263 1759 1352 1784 ecce

292 1823 478 1860 Vulnere
514 1821 679 1860 delusus
707 1821 868 1869 juvenis
896 1817 1105 1858 recidebat
1134 1817 1311 1868 ineptus.

296 1894 407 1933 Finis
439 1902 545 1944 erat3
580 1893 658 1931 nisi
691 1892 801 1945 quod
834 1893 1010 1943 genibus·
1038 1891 1183 1930 tellure
1212 1889 1351 1928 refixis

154 1972 233 2006 905
294 1967 472 2016 Belliger
503 1965 714 2012 accubuit,
752 1966 1007 2016 calibemque
1038 1965 1113 2002 sub
1148 1963 1247 2001 orbe
1279 1962 1459 2000 cavebat.

290 2037 367 2075 Hic
398 2035 496 2074 dum
528 2037 757 2086 consurgit5
799 2036 956 2087 pariter
987 2049 1027 2073 se
1059 2033 1232 2082 subrigit
1261 2033 1352 2081 ille,

296 2110 353 2147 Ac
383 2108 500 2147 citius
531 2115 691 2145 scutum
723 2106 907 2158 trepidus
939 2106 1017 2144 sibi
1046 2106 1267 2157 praetulit,
1299 2112 1421 2156 atquc

293 2181 465 2220 Frustra
492 2188 696 2219 certamen
729 2192 930 2218 renovare
960 2179 1147 2229 parabat.
1207 2185 1244 2215 at
1276 2176 1391 2214 illum

293 2251 538 2303 Alpliarides
570 2251 650 2289 fixa
681 2250 815 2301 gladio
848 2252 946 2302 petit
979 2252 1091 2289 ocius
1122 2250 1257 2297 hasta,

153 2329 234 2363 910
294 2324 346 2362 Et
377 2323 552 2362 mediam
584 2324 701 2375 clipei
730 2312 904 2374 dempsit
936 2332 1048 2362 vasto
1082 2323 1230 2372 impete
1264 2327 1442 2370 partem,

291 2397 507 2434 Hamatam
540 2409 727 2435 resecans
759 2396 927 2434 loricam
956 2403 1078 2446 atque
1108 2394 1176 2431 ilia
1206 2390 1381 2429 nudans.

291 2467 467 2506 Labitur
496 2469 640 2505 inselix
668 2465 862 2506 Patavrid
894 2479 968 2505 sua
998 2466 1153 2505 viscera
1183 2475 1372 2508 cernens,

252 2631 322 2661 890
348 2628 458 2661 choris
486 2628 524 2661 C.
597 2631 666 2661 893
694 2630 893 2672 praecordia
919 2628 1054 2668 sangnis
1082 2627 1122 2658 B.
1192 2626 1262 2657 902
1291 2623 1444 2656 contexit
1470 2622 1508 2652 C.

156 2690 224 2720 905
244 2688 326 2720 orbe
347 2687 490 2720 acuebat
507 2687 686 2729 (Molter).
737 2692 799 2720 911
828 2682 971 2720 amatam
993 2689 1031 2718 A.
1059 2689 1221 2718 armatam
1236 2685 1273 2716 C.
1301 2692 1454 2716 reserans
1468 2681 1508 2713 1⁴3.

1123 2756 1145 2790 3
