1721 2938
638 88 968 133 ECBASIS.
1394 89 1478 131 273

730 242 898 296 pardus.

269 318 420 359 ‘Miror
455 330 579 371 quam
610 316 783 367 patriam
825 323 870 353 tu
902 312 1072 353 mandas
1112 325 1198 352 esse
1228 312 1481 364 petendam?

131 397 212 432 870
271 389 472 444 'Numquid
502 403 586 428 non
609 386 742 439 patria
774 394 844 436 est,
873 385 1068 424 maternis
1092 386 1304 425 ventribus
1329 387 1370 426 in
1401 403 1480 440 qua

267 462 369 502 Fusi
397 459 627 514 praesentis
658 458 839 497 fruimur
868 457 1088 498 servimine
1116 456 1232 514 luc-is,

273 534 432 574 Affectu
465 531 574 572 dulci
605 544 820 579 carorum,
860 544 935 569 nec
963 543 1016 568 ne
1045 526 1279 570 fovemurP’

683 603 935 654 philomena.

264 677 375 716 ‘Non
390 675 579 730 equidem
594 674 725 727 patria
741 682 814 722 est,
828 673 898 715 set]
911 687 1050 713 carcer
1060 672 1202 713 mortis
1214 674 1482 721 obumbrans,

267 749 311 788 Si
340 749 514 801 patriam
546 747 668 795 dicis⁷
698 747 874 798 patriam
905 755 992 785 tum
1024 745 1178 785 credito
1211 748 1370 796 mortis,

130 827 210 861 875
273 821 381 860 Nam
413 821 518 861 vitae
550 818 723 872 patriam
758 832 842 857 non
890 827 948 858 est
980 820 1040 858 sas
1088 818 1222 858 dicere
1256 821 1395 869 talem,

268 894 346 932 llic
379 894 534 932 morbis
568 891 818 944 premimur,
851 891 932 931 illic
963 891 1035 930 sed
1064 890 1211 942 gaudia
1241 891 1408 942 dantur,

269 965 401 1014 Quam
436 965 560 1004 miser
591 971 714 1015 atque
750 962 887 1011 miser,
918 963 984 1003 cui
1012 964 1110 1002 talia
1139 979 1266 1016 regua
1302 967 1442 1017 negari

268 1036 520 1088 Contigerit,
563 1034 720 1075 baratri
749 1036 815 1075 vel
853 1047 976 1075 saevo
1010 1050 1171 1075 carcere
1202 1035 1314 1075 trudi

269 1109 568 1162 >Unusquisque
602 1115 757 1159 gemat,
790 1108 978 1159 capitalia
1010 1108 1180 1148 crimina
1212 1117 1355 1159 tergat,

130 1187 210 1221 880
271 1182 463 1222 Confluat
496 1181 546 1221 ad
580 1180 794 1228 lacrimas,
840 1180 874 1219 si
909 1181 997 1221 vult
1025 1181 1218 1221 seducere
1245 1186 1428 1232 poenas.7

724 1251 894 1304 pardus.
1299 1304 1310 1311 -

269 1326 346 1364 ‘De
375 1335 495 1377 peto,
527 1338 611 1378 quo
638 1325 759 1376 plane
790 1332 952 1377 repetas
984 1339 1088 1377 quae
1109 1333 1264 1366 moesta
1283 1330 1482 1370 canebas?

681 1398 933 1449 philomena.

266 1466 455 1516 Quantus
486 1469 527 1507 in
562 1470 663 1509 orbe
699 1470 830 1519 furor,
860 1469 977 1509 vobis
1015 1467 1139 1508 modo
1171 1470 1340 1510 testibus
1373 1482 1482 1523 utor,

270 1541 382 1579 Dum
412 1541 520 1593 rapit
551 1541 660 1580 hunc
687 1541 834 1591 judaea
864 1555 1010 1580 manus
1039 1542 1144 1580 bene
1169 1544 1331 1581 conscia
1352 1548 1483 1594 cujus,

271 1613 374 1652 Cum
406 1614 463 1652 sic
494 1614 666 1654 astrictis
701 1616 949 1654 incumbunt
979 1615 1115 1654 vincla
1143 1617 1317 1666 lacertis,

131 1691 211 1726 885
272 1684 395 1734 Quod
425 1687 600 1736 jubilum
631 1687 788 1736 cordis,
826 1687 981 1739 patitur
1009 1686 1108 1726 dum
1137 1688 1325 1729 conditor
1356 1692 1483 1735 orbis,

268 1758 515 1811 Gaudiaque
547 1760 704 1812 plebis,
745 1761 894 1810 legitur
926 1774 1015 1798 cum
1050 1761 1183 1811 passio
1214 1762 1334 1812 regis.

269 1832 363 1870 Mos
397 1831 473 1869 suit
504 1831 600 1870 inde
634 1832 748 1883 prius
777 1833 956 1885 antiquis
988 1832 1174 1883 partibus
1203 1841 1332 1884 ortus,

271 1903 318 1941 In
351 1917 470 1943 cruce
506 1903 620 1957 quod
651 1904 802 1944 Christi
833 1906 1078 1944 reticescunt
1109 1905 1222 1956 sigua
1263 1908 1427 1955 metalli,

265 1976 353 2014 Nec
373 1989 458 2015 vox
478 1977 562 2014 ulla
586 1978 708 2015 tubae
730 1985 909 2025 resonat,
929 1976 999 2015 sed
1021 1992 1093 2015 nec
1123 1990 1290 2029 quoque
1311 1978 1480 2028 corda03

129 2050 210 2085 890
270 2046 468 2098 Lugubre
496 2049 763 2100 portendunt,
786 2049 883 2088 dum
905 2057 1060 2088 moesta
1079 2049 1239 2088 silentia
1260 2050 1480 2102 prendunt,

265 2118 329 2158 Ne
359 2122 448 2160 laus
478 2121 677 2160 horarum
709 2130 950 2161 consuetum
988 2129 1167 2160 transeat
1199 2136 1378 2173 cursum,

268 2191 422 2243 Fagina
455 2194 567 2244 sigua
598 2203 747 2233 sonant
782 2207 865 2246 quo
898 2196 1029 2232 clerus
1061 2192 1198 2232 debita
1230 2196 1373 2244 solvat,

268 2263 355 2304 Nec
384 2275 501 2305 vacat
531 2281 552 2304 a
595 2268 725 2318 tipicis
757 2268 978 2318 subpressa
1010 2266 1188 2305 melodia
1219 2268 1331 2306 vocis

265 2337 418 2376 Turbis
447 2339 670 2390 belligeris,
710 2340 782 2377 ubi
814 2338 1001 2377 funditur
1036 2340 1145 2377 unda
1180 2342 1351 2386 cruoris,

130 2407 209 2442 895
272 2405 416 2448 Omnis
446 2412 554 2450 risus
584 2413 719 2461 abest,
752 2411 886 2450 cordis
919 2413 1115 2450 violentia
1146 2412 1329 2463 prodest,

269 2479 431 2535 Affectu
462 2483 595 2522 cordIS
627 2485 768 2523 crescit
798 2498 991 2523 mensura
1033 2483 1199 2522 doloris·

224 2638 292 2667 883
320 2638 434 2670 com-ia
464 2641 502 2671 A.

1101 2713 1148 2745 18
