1721 2938
121 286 203 323 420

124 648 206 685 425

128 1006 210 1043 430

131 1441 211 1479 435

135 1875 217 1913 440

623 130 962 174 ECBASIS.
1387 133 1470 174 257

262 285 361 324 Post
391 284 469 324 iter
499 283 729 337 arripiunt,
760 284 932 324 davitica
964 282 1144 324 carmina
1175 284 1399 337 prendunt,

259 355 311 395 Se
343 356 465 395 simul
495 355 733 404 excutiunt,
764 362 962 393 montana
1003 354 1214 394 cacumina
1259 354 1471 407 scandunt,

260 428 369 467 Inibi
401 425 644 475 considunt,
674 426 746 465 fini
776 433 976 479 concepta
1005 424 1223 467 reducunt.

262 500 476 540 Terminat
506 500 580 538 tuas
609 498 751 538 laudes
783 498 942 539 defessa
980 499 1204 539 monastica
1247 501 1390 554 vulpes

265 573 489 612 ‘Christum
519 570 570 611 de
601 571 724 611 coelis
752 569 972 611 conlaudet
1001 571 1168 623 spiritns
1209 572 1378 614 omnis?

266 646 372 687 Mox
399 659 507 697 genu
540 643 748 692 curvavit,
790 643 912 682 simul
941 643 1041 682 haec
1073 645 1258 685 oramina
1285 646 1393 686 fudit

266 716 468 765 ‘Christe,
498 718 626 769 patris
655 715 735 764 fili,
768 716 868 755 mihi
897 723 936 755 te
968 715 1084 755 decet
1100 730 1166 755 ·en
1197 719 1396 769 misereri,

270 789 370 829 Sum
403 803 562 828 memor
605 789 693 841 ipse
724 787 826 837 mei,
867 789 962 828 satis
994 795 1033 828 et
1062 802 1153 829 mea
1186 790 1335 832 frivola
1368 792 1479 842 novi,

264 863 330 902 Tu
360 861 463 902 mihi
493 862 547 901 sis
575 861 712 912 galea,
762 861 834 914 qui
869 862 1021 901 lormas
1053 871 1164 902 muta
1196 865 1398 904 elementa

264 935 335 973 Me
369 934 492 974 facias
521 933 740 982 reducem,
771 934 956 972 fallacem
991 935 1145 974 subrue
1176 936 1347 975 testem?

271 1005 404 1045 Solvit
436 1006 568 1047 vincla
610 1005 787 1058 pedum,
821 1006 1032 1060 tenditque
1063 1007 1194 1046 leonis
1226 1007 1275 1047 ad
1304 1017 1482 1048 antrum.

265 1077 370 1117 Cum
405 1093 536 1131 prope
568 1079 782 1131 pervenit:
831 1079 1040 1117 ‘miserere
1075 1079 1154 1118 mei
1184 1079 1298 1120 deus’
1335 1082 1482 1135 inquit.

630 1152 773 1204 vulpes
833 1150 979 1203 pardo.

271 1222 361 1261 ‘Hic
391 1236 580 1272 maneas,
631 1222 761 1263 donec
792 1223 897 1274 regis
928 1222 1141 1262 molimina
1173 1237 1331 1264 noscas.

270 1293 457 1344 Quercus
489 1295 599 1335 adest
632 1299 774 1345 juxta,
806 1295 870 1334 cui
902 1295 996 1346 figas
1027 1298 1283 1347 posteriora.²

270 1368 367 1407 Non
402 1377 537 1408 tamen
570 1367 805 1407 indecorem
839 1381 912 1407 sua
944 1381 985 1407 se
1015 1370 1156 1419 regina
1193 1371 1374 1423 reliquit,

273 1441 464 1494 Namque
497 1442 588 1482 viae
621 1440 758 1480 comiti
789 1438 1032 1479 dodrantem
1066 1443 1238 1482 contulit
1277 1445 1382 1483 auri.

272 1514 359 1553 Nec
389 1513 494 1566 pede
526 1514 754 1566 composito
799 1526 887 1551 sese
918 1513 1144 1553 sociaverat
1175 1524 1308 1563 antro,

273 1586 445 1624 Pectore
477 1600 569 1625 cum
601 1586 778 1625 tremulo
809 1585 918 1628 stetit
949 1587 1055 1626 antri
1083 1587 1223 1626 limine
1260 1587 1409 1639 primo,

273 1657 388 1696 Intro
420 1667 541 1709 caput
571 1658 712 1708 flexit,
743 1657 896 1696 donum
931 1658 1175 1699 benedicere
1204 1662 1352 1712 poscit.

274 1728 390 1777 Quae
422 1730 679 1770 benedicitur
710 1745 731 1769 a
762 1730 902 1780 sociis,
947 1731 1019 1770 sed
1050 1746 1170 1771 amen
1200 1733 1446 1784 geminatur.

765 1802 846 1841 leo.

275 1874 418 1912 ‘Belua
446 1876 673 1913 multorum
706 1871 885 1924 capitum
916 1873 1013 1912 visis
1056 1872 1403 1913 moribundumP‘

722 1946 882 1996 vulpes.

276 2015 353 2055 ‘Ad
383 2015 483 2069 quid
515 2016 741 2065 venissem,
777 2016 810 2054 si
839 2029 922 2055 non
956 2014 1223 2056 medicamina
1255 2017 1450 2058 ferrem':³7

770 2089 851 2128 leo.

277 2161 324 2199 ‘A
347 2173 466 2212 grege
500 2174 572 2199 cur
604 2161 776 2200 fratrum
822 2167 951 2200 certas
983 2159 1177 2201 divellere
1208 2160 1423 2212 gressum?

278 2233 438 2285 Inspice
470 2233 715 2284 concilium,
748 2235 781 2272 si
812 2233 915 2272 desit
943 2234 1034 2286 quis
1064 2233 1295 2272 sociarum.’

731 2305 891 2356 vulpes.

284 2375 443 2415 ‘Hercle
474 2378 607 2426 jacere
641 2384 756 2415 tuum
792 2391 866 2429 per
899 2390 1045 2427 magna
1076 2375 1236 2415 silentia
1266 2373 1492 2427 pressum!'

778 2449 859 2487 leo.

143 2515 225 2553 445
284 2514 466 2554 ‘Discere
496 2519 689 2569 persisto,
728 2519 826 2572 quid
857 2527 896 2557 te
930 2518 1149 2559 semoverit
1181 2512 1350 2554 antro?’

242 2676 309 2706 434
337 2675 493 2718 relinquit
526 2677 562 2708 A.
