1721 2938
584 126 1080 176 WALT'HARIUS
1450 137 1500 177 51

318 286 413 325 Nou
447 286 700 340 desperavit,
742 302 878 341 neque
908 291 1046 329 vultus
1075 287 1251 328 concidit
1279 292 1388 340 eju's,

320 358 481 396 Verum
512 359 767 410 vulnigeram
803 360 936 410 clipeo
967 360 1235 400 insertaverat
1264 361 1414 400 ulnam-

152 432 259 467 1390
318 429 604 481 Incolumique
637 442 759 467 manu
786 441 886 467 mox
916 429 1067 480 eripuit
1094 431 1378 481 semispatam,

312 497 408 546 ‘Qua
441 498 629 538 dextrum
663 499 839 538 cinxisse
864 501 972 539 latus
1010 502 1331 542 memoravimus
1362 504 1502 552 illum,

312 569 412 608 Ilico
448 569 668 609 vindictam
697 571 861 622 capiens
893 585 944 610 ex
974 573 1092 615 hoste
1123 585 1318 612 severam.

314 639 420 678 Nam
455 640 604 680 seriens
635 640 826 681 dextrum
855 641 1074 692 Haganoni
1104 641 1245 680 effodit
1276 645 1473 691 ocellum,

314 711 373 750 Ac
392 720 553 764 tempus
582 725 771 752 resecans
804 714 1039 765 pariterque
1069 713 1214 751 labella
1243 719 1445 757 revellens

148 785 256 820 1395
317 781 400 823 Olli
434 783 494 822 bis
527 784 658 822 trinos
686 782 873 823 discussit
905 785 954 821 ab
989 797 1059 823 ore
1090 786 1279 826 molares.

243 838 362 895 Tati
392 857 554 908 negotio
587 857 838 896 dirimuntur
867 859 1024 909 proelia
1056 859 1175 899 facto.

315 930 532 984 Quemque
561 946 679 971 sunm
712 933 862 972 vulnus
889 941 1011 985 atque
1030 947 1150 984 aeger
1168 935 1371 976 anhelitus
1390 951 1503 976 arma

316 1003 478 1043 Ponere
509 1005 725 1056 persuasit.
785 1005 972 1057 quisnam
1004 1005 1100 1044 hinc
1118 1006 1312 1046 immunis
1343 1009 1471 1048 abiret
1485 1010 1503 1048 ἰ’

315 1073 407 1123 Qua
437 1075 519 1116 duo
552 1077 801 1128 magnanimi
834 1079 981 1117 heroes
1011 1085 1090 1116 tam
1124 1078 1281 1118 viribus
1313 1083 1435 1133 aequi

150 1146 257 1184 1400
315 1145 449 1195 Quam
480 1148 644 1188 fervore
675 1149 800 1188 animi
830 1156 1027 1188 steterant·
1060 1149 1101 1186 in
1137 1150 1305 1189 fulmine
1335 1153 1446 1191 belli.

265 1201 506 1274 Postquam
538 1220 630 1262 linis
665 1222 800 1273 adest,
838 1224 1013 1274 insignia
1045 1237 1252 1276 quemque
1284 1228 1501 1270 notabant:

230 1308 238 1313 ·
316 1294 404 1333 Illic
438 1294 656 1333 Guntharii
688 1309 761 1347 pes
792 1294 920 1345 regis,
950 1296 1086 1346 palma
1115 1296 1273 1343 jacebat

314 1366 563 1412 waltharii,
606 1380 680 1405 nec
709 1380 793 1406 non
825 1368 1023 1406 tremulus
1053 1367 1290 1416 Haganonis
1320 1369 1483 1406 ocellus.

316 1437 381 1476 Sic
412 1438 468 1476 sic
502 1439 680 1477 armillas
710 1438 849 1492 partiti
880 1446 975 1477 sunt
1006 1436 1246 1477 avarensesl

151 1517 256 1553 1405
272 1493 522 1551 Consedere
554 1512 659 1561 duo,
696 1527 786 1551 nam
819 1513 961 1551 tertius
991 1513 1058 1550 ille
1083 1513 1263 1561 jacebat,

314 1586 533 1637 Sanguinis
569 1584 789 1624 undantem
821 1593 1022 1636 tergentes
1059 1584 1229 1625 floribus
1260 1601 1435 1629 amnem.
1471 1596 1473 1599 '

316 1657 427 1695 Haec
458 1657 562 1695 inter
592 1655 776 1695 timidam
808 1665 973 1696 revocat
1007 1658 1184 1696 clamore
1215 1659 1392 1709 puellam

312 1727 581 1780 Alpliarides,
610 1731 779 1768 veniens
810 1741 915 1780 quae
947 1728 1083 1766 saucia
1114 1741 1302 1780 quaeque
1329 1730 1482 1781 ligavit.

233 1790 325 1842 His
354 1805 410 1842 ita
441 1803 678 1855 compositis
709 1816 884 1854 sponsus
917 1803 1123 1855 praecepit
1154 1801 1314 1844 eidem:

145 1881 252 1919 1410
309 1880 412 1916 ‘Jam
436 1880 602 1917 misceto
624 1890 802 1926 merum,
832 1878 1048 1928 l‘laganoni
1066 1885 1101 1916 et
1118 1879 1282 1930 porrige
1307 1879 1499 1932 primum,

311 1951 379 1988 list
412 1952 562 1988 athleta
584 1950 752 1997 ‘bonus‚
798 1947 892 1986 fidei
923 1949 955 1987 si
985 1952 1076 1997 jura
1106 1958 1312 1999 reservet3

307 2022 415 2060 'l'um
448 2023 644 2072 praebeto
675 2020 796 2068 mihi,
831 2020 1003 2071 reliquis
1031 2019 1101 2072 qui
1134 2021 1226 2072 plus
1258 2020 1453 2070 tolerav13

310 2095 565 2133 Postremum
601 2093 694 2132 volo
729 2091 985 2130 Guntharius
1015 2091 1150 2141 bibat,
1191 2098 1335 2143 utpote
1365 2089 1499 2143 segnis

310 2167 424 2204 Inter
455 2163 758 2215 magnanimum
793 2164 864 2215 qni
897 2162 1031 2215 paruit
1063 2177 1175 2202 arma
1204 2163 1415 2211 virorum,

144 2242 252 2280 1415
311 2239 363 2277 Et
393 2238 465 2290 qui
495 2237 641 2275 Martis
673 2250 778 2288 opus
809 2234 945 2287 tepide
978 2244 1100 2287 atque
1133 2236 1342 2274 enerviter
1371 2232 1476 2284 egit.’

311 2308 569 2362 Obsequitur
599 2309 755 2348 cunctis
785 2307 947 2347 Herrici
976 2308 1058 2347 lilia
1091 2307 1241 2347 verbis.

306 2381 490 2420 Francus
522 2389 559 2419 at
592 2381 731 2419 oblato
761 2380 853 2418 licet
887 2393 1005 2418 arens
1038 2386 1203 2430 pectore
1235 2378 1332 2416 vino

306 2453 477 2491 ‘Deser’
508 2453 563 2491 ait
594 2453 729 2504 ‘prius
761 2450 976 2502 Alplnarisli
1007 2464 1160 2501 sponso
1192 2463 1237 2487 ac
1267 2447 1419 2487 seniori

235 2609 319 2640 1401
355 2616 488 2649 queque
515 2607 553 2639 Α.
628 2610 715 2640 1402
741 2608 831 2649 regis
859 2617 918 2650 pes
939 2606 979 2638 B.
1046 2606 1133 2637 1407
1162 2602 1214 2635 hic
1242 2603 1280 2636 Α.
1300 2602 1338 2635 Β.
1404 2603 1493 2634 1414

138 2678 290 2709 magnam
318 2668 385 2700 nim
414 2669 453 2700 A.
532 2669 619 2699 1416
652 2666 783 2699 lteririci
814 2668 852 2700 Β.

1084 2731 1189 2769 4*
