1721 2938
370 132 776 177 SACERDOS
811 133 905 176 ET
944 132 1208 177 LUPUS.
1379 135 1461 177 341

118 215 288 222 .————-

316 290 355 326 6.
412 285 582 326 Fossam
617 293 734 327 cavat
764 301 848 327 non
881 286 1085 327 modicam

406 359 524 398 Intus
553 372 713 412 ponens
743 358 985 409 agniculam,

406 430 479 479 Et,
516 444 567 469 ne
598 437 757 483 pateret
784 430 987 480 hostibus,

403 501 593 554 Superne
622 501 719 553 tegit
748 500 984 541 frondibus.

317 580 352 615 7.
411 576 608 615 Humano
645 573 784 613 datum
816 572 1033 613 commodo

409 646 479 687 Nil
511 649 641 696 majus
673 654 733 685 est
763 645 952 696 ingenio;

408 718 579 770 Lupus,
618 715 716 756 dum
749 724 868 755 nocte
904 716 1059 767 circuit,

409 790 491 843 Spe
522 787 703 842 praedae
733 796 874 841 captus
906 788 1062 829 incidit.

315 868 354 902 8.
412 860 601 901 Accurrit
631 874 751 900 mane
782 860 999 912 presbiter,

403 932 566 973 Gaudet
596 931 742 973 vicisse
773 931 936 972 taliter:

414 1005 530 1045 Intus
558 1012 751 1056 protento
779 1005 928 1044 baculo

410 1077 522 1130 Lupi
554 1077 737 1116 minatur
766 1077 902 1116 oculo.

318 1154 356 1190 9.
412 1150 527 1189 ‘Jam’
554 1149 711 1202 inquit,
751 1149 853 1188 ‘fera
879 1146 1071 1200 pessima,

418 1221 516 1261 Tibi
546 1219 770 1274 rependam
806 1219 968 1260 debita:

411 1295 495 1333 Aut
524 1294 590 1333 hic
620 1294 831 1344 frangetur
862 1291 1048 1339 baculus,

418 1367 501 1405 Aut
530 1366 598 1404 hic
629 1365 814 1416 crepabit
844 1360 1032 1404 oculusl’

295 1443 361 1478 10.
419 1437 510 1477 Hoc
542 1436 649 1478 dicto
681 1437 804 1476 simul
832 1435 1009 1487 impulit,

412 1510 558 1549 Verbo
588 1507 658 1548 sed
691 1507 844 1547 factum
876 1506 1021 1555 defuit,

419 1580 529 1621 Nam
563 1581 687 1632 lupus
725 1590 892 1618 servans
923 1577 1088 1617 oculum

412 1652 563 1691 Morsu
594 1657 772 1689 retentat
802 1650 1008 1689 baculum.

296 1729 363 1765 11.
420 1724 473 1763 At
500 1722 570 1761 ille
600 1720 724 1760 miser
753 1720 929 1769 vetulus,

416 1796 533 1834 Dum
563 1806 650 1833 sese
680 1791 803 1832 trahit
831 1791 1004 1840 firmius,

417 1867 525 1919 Ripa
553 1864 721 1905 cedente
754 1863 910 1903 corruit

413 1941 466 1981 Et
500 1941 601 1992 lupo
633 1950 769 1980 comes
797 1935 954 1976 incidit.

299 2019 365 2055 12.
422 2013 530 2061 Hinc
561 2019 638 2052 stat
666 2011 811 2062 lupus,
840 2009 937 2047 hinc
966 2005 1187 2060 presbiter,

417 2085 584 2125 Timent
613 2081 685 2122 sed
719 2080 979 2134 dispariliter,

421 2155 552 2206 Nam,
586 2162 630 2195 ut
658 2153 834 2194 fidenter
859 2152 1053 2201 arbitror,

421 2227 568 2280 Lupus
598 2228 731 2266 stabat
762 2224 958 2265 securior.

304 2307 370 2344 13.
429 2298 630 2340 Sacerdos
660 2311 797 2337 secum
829 2295 1032 2343 mussitat,

425 2371 477 2410 Et
511 2378 666 2422 septem
697 2369 877 2421 psalmos
911 2366 1112 2413 ruminat,

432 2440 513 2480 Sed
543 2439 719 2482 revolvit
749 2438 1030 2492 Frequentius:

427 2510 649 2550 ‘Miserere
678 2510 759 2550 mei
792 2507 940 2550 deusl‘

229 2662 264 2701 t,
286 2660 308 2692 4
356 2668 450 2703 spem
