1721 2938
131 350 212 388 475

130 711 212 778 {280

134 1073 215 1111 485

139 1431 220 1469 490

145 1937 226 1975 495

153 2374 235 2413 500

633 128 971 193 ΕΟΒΑΑεΙε.
1398 133 1480 173 259

272 279 360 318 Jam
392 280 621 333 tempestivi
654 279 886 319 funduntur
914 281 1064 320 verlice
1095 279 1200 326 cani,

272 350 454 390 Auribus
485 364 575 389 ecce
615 351 714 390 meis
752 351 923 390 inolevit
953 351 1094 401 pluma
1123 351 1274 401 seniliS,

270 424 427 475 Aspera
453 427 533 472 jam
569 423 686 474 pellis
713 422 863 462 insedit
897 422 1087 461 cruribus
1115 423 1215 472 istis,

272 492 402 532 Nocte
430 491 577 544 dieque
607 493 721 543 gravi
749 493 996 545 franguntur
1026 507 1147 532 crura
1176 492 1332 544 dolore,

270 565 365 605 Non
399 578 520 604 cursu
554 549 761 617 silperabo
795 579 962 615 canem,
1001 580 1074 605 nec
1105 566 1262 606 viribus
1293 582 1454 621 aprum,

271 637 488 677 Assimilor
519 637 659 687 cigno,
691 646 922 677 commutor
952 651 1127 689 corpore
1158 646 1260 688 toto,

273 708 492 759 Conrugor
522 709 621 747 felix
650 709 774 748 velud
807 709 955 748 assolet
980 707 1116 748 indica
1147 708 1314 754 cornix3

281 783 417 833 Prope
459 782 589 819 salute
619 781 680 819 tui
719 782 936 833 peragravi
971 782 1132 820 climata
1164 782 1335 821 mundi.'

273 854 407 906 Atque
437 853 490 891 ita
524 853 740 902 mentitur,
773 851 830 891 sic
863 853 971 892 veris
1005 853 1105 892 falsa
1135 854 1338 893 remiscet.

275 927 415 965 Primo
449 940 499 964 ne
534 925 740 975 medium,
772 924 908 964 medio
940 939 991 964 ne
1024 925 1227 978 discrepet
1259 927 1402 976 imum,

276 999 471 1050 Prompta
503 998 620 1050 sequi
648 1005 803 1036 tortum
831 997 981 1049 potius,
1014 1013 1136 1051 qnam
1168 998 1302 1038 dicere
1331 1015 1490 1040 verum.

278 1071 445 1111 Flebilis
476 1070 551 1110 ista
585 1070 682 1110 feris
713 1070 866 1121 placuit
899 1071 1101 1110 sententia
1132 1072 1280 1123 vulpis,

277 1143 547 1183 Conclamant
577 1155 719 1180 omnes
751 1143 986 1181 ‘veneretur
1015 1142 1203 1194 olimpica
1237 1144 1409 1195 vulpes,'

276 1214 526 1253 Sternuntur
555 1212 754 1266 pedibus,
786 1228 860 1252 nec
890 1227 977 1253 sese
1009 1223 1191 1265 segregat
1220 1216 1343 1255 ullus.

275 1286 501 1338 Postquam
534 1286 676 1325 labore
707 1287 821 1336 gravi
849 1294 1034 1337 superest
1065 1287 1272 1325 miseratio
1307 1289 1435 1341 vulpi,

281 1357 484 1408 Principis
513 1359 575 1396 ira
607 1360 735 1409 perit,
768 1372 862 1396 nam
893 1359 1030 1410 vulpis
1060 1358 1190 1408 gloria
1222 1361 1377 1410 crescit,

282 1429 472 1469 Carmine
503 1431 664 1470 solenni
708 1429 926 1470 deducitur
958 1432 1080 1471 obvia
1109 1432 1218 1482 regi3

280 1502 392 1539 Haec
421 1510 625 1553 sceptrum
659 1502 764 1552 regis
802 1501 929 1552 tetigit
962 1503 1037 1541 sub
1072 1500 1237 1541 foedere
1266 1506 1392 1554 pacis,

282 1575 488 1625 Tempore
520 1575 575 1613 sic
606 1575 716 1626 pacis
746 1574 883 1613 fuerat
925 1587 1015 1614 mos
1046 1573 1212 1624 regibus
1243 1573 1336 1614 illis.

772 1647 852 1685 leo.
988 1697 994 1704 Ι

283 1720 442 1760 ‘Fulica
475 1731 581 1770 quae
616 1718 725 1755 misit
755 1716 1017 1769 sollers[que]
1050 1717 1253 1756 industria
1283 1720 1410 1767 vexit,

282 1791 472 1830 Proferto
505 1788 555 1827 ad
586 1788 766 1828 medium
803 1797 1030 1828 conventus
1061 1789 1370 1829 silvicolarun1.’

732 1865 891 1915 vulpes.

284 1935 421 1974 ‘Nolle
452 1947 590 1972 meum
627 1932 784 1983 dicam,
827 1932 1099 1973 medicamina
1130 1937 1242 1983 jussa
1276 1936 1500 1988 requiram.

285 2007 478 2046 Summus
508 2019 655 2057 praeco
695 2005 858 2055 domus,
889 2019 1142 2058 quamquam
1177 2017 1293 2043 meus
1324 2006 1391 2045 iile
1428 2022 1501 2059 pa-

1202 2075 1336 2115 trinus

287 2152 357 2190 Est
386 2152 509 2203 lupus
540 2150 606 2188 hic
637 2148 792 2197 dictus,
822 2148 1058 2200 pastoribus
1097 2159 1230 2200 usque
1260 2148 1445 2199 pero'suS‚

288 2225 392 2263 Prae
423 2224 582 2263 foribus
613 2223 758 2270 curtis,
793 2236 844 2260 ne
874 2223 1014 2260 turbet
1049 2222 1204 2261 v1scera
1233 2221 1354 2272 regis,

288 2297 395 2336 Sane
426 2297 628 2344 ducatur,
660 2294 728 2334 sed
762 2302 800 2333 et
828 2294 1033 2345 unguibus
1065 2293 1315 2332 excorietur.

292 2370 382 2409 Hoc
414 2371 533 2409 saciat
565 2369 682 2407 citius
713 2366 883 2417 geminis
927 2380 1017 2405 cum
1051 2366 1226 2405 lincibus
1259 2378 1391 2403 ursus.

294 2440 359 2477 De
391 2442 558 2479 cerebro
588 2440 732 2491 piscis,
764 2440 935 2477 tuleram
967 2437 1078 2491 quod
1113 2438 1296 2489 partibus
1328 2436 1448 2484 indis,

291 2512 466 2550 llliniam
507 2512 701 2559 dorsum,
730 2525 873 2559 renes,
909 2512 1030 2548 simul
1062 2510 1131 2547 ilia
1163 2510 1330 2557 circum,

296 2585 430 2622 Renes
463 2583 617 2634 aegroti
643 2583 897 2633 stringentur
937 2583 1042 2632 pelle
1073 2583 1240 2620 recenti.

300 2658 377 2693 Per
409 2656 584 2695 calidum
617 2657 747 2695 vellus
777 2661 990 2705 spargetur
1027 2653 1196 2691 morbus
1229 2651 1396 2690 acutus)

1106 2725 1201 2764 17*
