1721 2938
609 98 949 143 ECBASIS.
1362 101 1445 144 285

238 253 307 292 Me
335 253 497 293 Baccho
528 253 670 302 satiat,
702 253 802 306 quin
833 252 942 292 lenia
972 253 1097 291 verba
1128 252 1335 305 propinat.

105 329 209 365 1215
244 325 425 364 Ericium
456 325 617 366 vafrum
650 326 778 365 servis
808 324 858 363 de
888 324 1078 375 pluribus
1110 339 1240 363 unum

240 397 410 436 Instruit
439 396 627 436 Herodes
657 397 853 437 vitulinas
883 395 1069 434 scindere
1112 409 1268 445 carnes,

243 466 327 515 Qui
359 467 464 506 dixit
494 467 671 507 vitulum
703 467 896 508 festivum
922 481 1044 520 pasca
1074 467 1277 517 futurum,

240 541 320 578 Per
349 554 391 579 se
422 539 682 590 sumendum,
716 541 821 579 nulli
849 555 925 592 per
958 542 1087 579 frusta
1118 539 1350 590 secandum,

240 611 302 651 Ad
331 615 516 664 jugulum
548 622 707 653 tantum
740 613 894 652 ferrum
925 611 1124 652 reddebat
1159 621 1339 662 acutum,

101 686 209 721 1220
240 683 311 722 Me
342 685 511 736 cupiens
543 685 737 724 miserum
769 696 910 722 morsu
941 684 1121 722 lacerare
1151 683 1300 723 ferino.

239 756 350 796 Laus
382 755 551 795 domino
584 757 656 809 qui
687 755 784 807 [me]
818 756 996 797 salvarat
1028 755 1148 795 dente
1178 755 1338 807 lupino,

239 828 441 868 Sanus‘et
472 828 689 868 incolumis
719 830 916 868 maternis
955 827 1122 868 deferor
1150 829 1273 869 ulnis.

241 899 302 939 Sit
333 913 483 939 nomen
515 910 700 940 sanctum
732 900 883 940 Christi
929 899 1087 941 domini
1117 899 1414 940 benedictum!²

240 971 396 1010 Versus
427 971 583 1009 milleni
614 971 774 1011 centeni
816 970 1078 1024 septuageni3

106 1045 214 1082 1225
244 1043 403 1081 Verum
437 1043 553 1095 operi
583 1044 706 1095 longo
737 1044 798 1082 fas
830 1051 888 1083 est
921 1045 1122 1095 obrepere
1152 1056 1357 1092 somnum,

244 1115 452 1154 Nimirum
484 1130 627 1168 sapere
659 1124 718 1155 est
748 1117 912 1165 abjectis
944 1116 1043 1155 utile
1074 1116 1204 1165 nugis,

239 1186 310 1224 Me
340 1187 626 1238 tempestivum
656 1187 823 1238 psalmis
854 1185 1079 1226 concedere
1109 1184 1279 1234 ludum3

240 1256 374 1296 Iratus
402 1257 580 1309 pariter,
610 1258 758 1308 jejunis
789 1256 980 1296 dentibus
1014 1269 1120 1304 acer,

238 1326 480 1367 Sermonem
511 1327 718 1378 claudam,
770 1328 939 1368 verbum
971 1340 1054 1367 non
1087 1325 1261 1378 amplius
1293 1322 1454 1363 addam.

200 1487 288 1518 1221
316 1495 370 1519 me
395 1484 574 1528 zugesfigt.
