1721 2938
653 81 950 126 UNIBOS.
1394 83 1478 125 373

420 237 692 277 Rue-natricem
725 239 922 290 pecuniae

421 309 583 349 Certam
615 324 734 348 mane
776 310 1000 362 requirere.

262 387 353 423 153.
411 383 659 421 ‘Juineutum
691 389 875 432 praesta,
917 381 1129 432 presbiter,

415 458 478 496 Ex
510 471 592 496 una
626 465 745 497 nocte
776 457 960 509 locuples

412 529 603 568 Manebis
637 530 750 569 omni
777 537 962 581 tempore

412 602 691 641 Nummorum
723 601 1012 641 multitudiue?

259 675 350 715 154.
411 673 583 713 ‘Dedain
618 688 786 726 equam,
826 674 1085 726 praeposite‚’

407 745 520 783 Dicit
550 743 741 784 sacerdos
772 745 921 796 lepide,

413 815 716 867 ‘Intempestive
749 814 923 853 reddere

415 887 575 939 Equam
607 901 672 925 me
701 887 808 937 cogis
838 885 975 926 hodie.

250 962 344 999 155.
403 959 591 998 Aurorae
622 958 827 1010 gallicinio

407 1029 610 1068 Exierunt
651 1032 701 1068 ab
736 1038 862 1070 utero-

407 1100 516 1139 Male
546 1101 648 1140 cocti
680 1098 943 1139 denariivtnw

407 1174 607 1212 Recentes
638 1173 877 1213 hordeacei)

262 1248 354 1284 156.
415 1244 517 1283 Cum
562 1246 715 1296 magnis
754 1245 1026 1298 potestatibus

410 1317 570 1370 Equam
602 1317 712 1356 ducit
742 1317 1017 1371 praepositus,

408 1391 521 1431 Idem
550 1400 686 1430 tamen
719 1391 832 1444 quod
864 1391 1066 1444 presbiter

408 1464 578 1503 Praeter
604 1465 804 1504 minutam
835 1464 1029 1516 possidet.

256 1540 350 1576 157.
405 1537 641 1575 Jumentum
671 1544 790 1576 nocte
820 1537 938 1584 tertia

405 1609 544 1656 Major
574 1606 722 1647 claudit
755 1606 878 1647 domo
908 1622 993 1655 sua,

401 1680 658 1731 Reperturus
699 1678 879 1719 diluculo

405 1750 527 1799 Quod
555 1752 709 1790 ferebat
741 1753 781 1790 iu
814 1752 964 1801 angulo

258 1829 348 1864 158.
409 1822 597 1863 Comedit
631 1822 906 1863 hordeaceum

403 1896 522 1949 Equa
552 1896 780 1936 communis
809 1897 1023 1948 pabulum,

403 1967 519 2016 Quae
550 1976 705 2008 stercus
736 1969 1023 2008 foetoriserum

402 2040 529 2080 Horis
560 2040 746 2091 concepit
775 2041 974 2079 noctium.

250 2117 344 2152 159.
405 2111 513 2160 Quid
545 2114 594 2151 sit
625 2113 808 2152 facturus
847 2112 998 2151 unibos

403 2184 559 2224 Contra
589 2194 814 2224 commotos
841 2186 1038 2233 aemulOS‚

408 2255 635 2296 Meditatur
663 2258 704 2295 in
735 2258 885 2297 lectulo

409 2328 635 2382 Frequenti
668 2344 759 2369 cuin
790 2328 981 2381 suspirio.

249 2403 342 2439 160.
399 2400 661 2441 Conveniunt
691 2415 780 2440 cum
813 2400 977 2439 turbine

407 2471 574 2511 ‘Fen—aia
604 2481 684 2512 tres
719 2474 761 2511 in
794 2473 891 2519 acie,

203 2623 281 2662 1562
308 2625 321 2655 1
353 2625 593 2666 potentatibus
