1721 2938
203 106 231 144 8
629 100 1119 143 WAL'PHARIUS

343 256 497 296 Intuitu
532 256 668 301 sertis,
709 266 922 305 nunquam
953 252 1151 290 meruisse
1179 254 1372 293 valerem.

347 327 427 367 Sed
455 338 605 378 precor
635 333 679 362 ut
708 324 818 365 servi
849 324 1017 376 capiatis
1047 324 1174 363 verba
1204 323 1361 364 fidelis:

211 403 290 438 150
347 397 391 436 Si
417 404 585 447 nuptam
618 396 814 448 accipiam
846 396 1004 435 domini
1035 404 1252 448 praecepta
1283 396 1530 447 secundum,

347 468 519 507 Vinciar
547 468 589 506 in
620 469 763 520 primis
794 470 970 521 cul*is„et
999 482 1137 508 amore
1166 469 1351 520 puellae,

349 542 485 593 Atque
517 555 539 579 a
569 541 738 581 servitio
769 541 874 592 regis
905 542 1151 593 plerumque
1181 539 1385 578 retardor.

356 611 582 652 Aedificare
616 611 784 662 domos,
828 614 1065 666 cultumque
1097 612 1311 651 intendere
1340 612 1450 650 ruris

350 684 508 736 Cogor,
549 693 587 724 et
621 685 699 724 hoc
730 685 858 725 oculis
889 686 1062 725 senioris
1094 684 1234 724 adesse
1263 692 1472 733 moratur,

211 760 288 796 155
348 756 399 796 Et
430 757 589 796 solitam
620 770 747 808 regno
774 758 996 797 Hunorum
1028 757 1265 809 impendere
1297 771 1449 797 curam.

346 828 536 882 Namque
565 830 819 881 voluptatem
851 829 1039 882 quisquis
1071 829 1317 880 gustaverit,
1351 828 1448 868 exin

349 900 658 939 Intolerabilius
691 902 904 942 consuevit
938 903 1049 940 ferre
1079 902 1255 940 labores.

354 971 426 1010 Nil
456 980 537 1010 tam
569 972 686 1011 dulce
718 974 841 1023 mihi,
887 987 1011 1026 quam
1042 987 1204 1025 semper
1246 972 1379 1011 inesse
1409 971 1518 1010 fideli

354 1040 569 1097 Obsequio
605 1044 785 1096 domini3
826 1060 978 1098 quare,
1009 1060 1180 1098 precor,
1211 1046 1365 1096 absque
1392 1043 1518 1094 jugali

221 1117 300 1153 160
357 1116 427 1155 Me
456 1116 591 1157 vinclo
622 1118 817 1169 permitte
846 1132 978 1158 meam
1008 1121 1090 1168 jam
1123 1116 1272 1156 ducere
1304 1117 1442 1156 vitam.

353 1187 398 1226 Si
427 1201 519 1228 sero
553 1197 625 1228 aut
654 1189 811 1228 mediae
844 1190 975 1230 noctis
1005 1189 1103 1229 mihi
1138 1198 1323 1240 tempore
1355 1187 1547 1237 mandas,

352 1259 417 1299 Ad
450 1275 723 1314 quaeeunque
753 1264 869 1312 jubes
901 1276 1067 1303 securus
1099 1270 1137 1301 et
1167 1262 1236 1301 ibo
1267 1270 1448 1313 paratus,

353 1331 400 1368 In
433 1332 550 1369 bellis
580 1334 718 1370 nullae
750 1332 1001 1383 persuadent
1035 1332 1179 1372 cedere
1210 1346 1354 1381 curae,

354 1401 441 1441 Nee
454 1404 537 1442 nati
552 1411 621 1442 aut
635 1407 786 1452 conjux
797 1405 1091 1457 retrahentque
1107 1404 1327 1456 fugamque
1339 1404 1579 1442 movebunt.

217 1475 296 1511 165
356 1473 506 1513 Testor
529 1488 604 1525 per
628 1474 841 1526 propriam
877 1483 1021 1523 temet,
1053 1482 1171 1526 pater
1204 1475 1380 1526 optime,
1410 1472 1547 1522 vitam,

354 1544 492 1598 Atque
523 1560 598 1597 per
627 1546 821 1586 invictam
852 1560 963 1585 nunc
995 1553 1155 1596 gentem
1186 1546 1520 1595 Pannoniarum,

354 1617 410 1656 Ut
439 1631 521 1656 non
555 1619 726 1657 ulterius
758 1633 823 1658 me
854 1630 971 1668 cogas
1002 1631 1166 1657 sumere
1190 1616 1356 1656 taedas?

355 1689 430 1727 His
462 1691 656 1740 precibus
689 1690 821 1730 victus
852 1704 996 1729 suasus
1027 1704 1103 1729 rex
1136 1688 1286 1729 deserit
1317 1700 1482 1738 omneS,

353 1759 533 1812 Sperans
565 1763 848 1802 VValtharium
878 1762 1075 1813 fugiendo
1112 1761 1303 1802 recedere
1347 1776 1575 1817 nunquam.

219 1839 298 1873 170
322 1815 521 1875 Venerat
552 1837 709 1876 interea
747 1846 934 1889 satrapae
967 1837 1191 1876 certissima
1223 1838 1353 1876 sama:

359 1904 598 1955 Quandam,
636 1922 741 1960 quae
772 1923 905 1960 nuper
932 1918 1143 1960 superata,
1184 1909 1371 1948 resistere
1402 1917 1577 1960 gentem,

351 1979 410 2017 Ac
440 1979 593 2018 bellum
624 1980 759 2018 Hunis
792 1982 1005 2019 confestim
1040 1982 1194 2020 inferre
1225 1989 1425 2032 paratam.

306 2031 453 2092 Tunc
484 2053 534 2092 ad
566 2055 849 2094 VValtharium
883 2056 1137 2107 convertitur
1169 2056 1272 2094 actio
1302 2069 1461 2104 rerum3

356 2124 438 2172 Qui
468 2140 567 2165 mox
598 2127 781 2165 militiam
814 2128 1047 2178 percensuit
1077 2126 1223 2166 ordine
1253 2135 1404 2174 totam,

218 2200 295 2234 175
355 2196 407 2235 Et
437 2198 681 2237 bellatorum
715 2199 920 2238 confortat
951 2193 1296 2246 cordasuorun1,

354 2269 537 2307 Hortans
567 2271 807 2320 praeteritos
840 2283 998 2320 semper
1031 2283 1259 2309 memorare
1291 2268 1546 2321 triumphos,

354 2340 686 2393 Promittensque
720 2342 818 2380 istos
850 2342 969 2380 solita
1003 2341 1152 2380 virtute
1184 2349 1383 2393 tyrannos

357 2411 571 2461 Sternere,
604 2421 642 2451 et
674 2415 856 2452 externis
890 2421 1090 2453 terrorem
1120 2413 1335 2464 imponere
1367 2412 1499 2451 terris.

293 2568 361 2598 150
387 2567 513 2599 vincior
534 2567 571 2598 C.
639 2568 706 2598 152
731 2568 820 2599 curis
840 2566 879 2599 B.
932 2568 997 2598 157
1024 2565 1159 2598 dolores
1196 2566 1220 2598 l.
1274 2568 1332 2599 161
1366 2565 1476 2599 medio
1497 2566 1574 2600 Α.1.

216 2628 280 2657 167
309 2626 445 2658 alterius
475 2626 516 2659 [Ι.
596 2628 659 2658 169
686 2627 872 2659 uualtarius
900 2627 936 2659 B.
1016 2630 1081 2659 178
1107 2627 1300 2669 impendere
1327 2627 1364 2660 C.
