1721 2938
253 131 339 175 336
748 122 1116 166 HERIGER.

588 281 627 315 3.
684 272 860 325 Heriger
887 275 948 314 illi

685 346 841 387 Ridens
872 346 1109 400 respondit:

689 421 845 459 ‘Meum
875 421 1093 460 subulcum

687 493 790 532 Illuc
824 490 874 530 ad
907 500 1070 544 pastum

684 565 795 603 Volo
830 578 923 602 cum
959 563 1107 602 macris

686 637 853 675 Mittere
885 636 1045 687 porcis.'

597 710 638 748 4.
694 708 774 747 Vir
803 708 857 746 ait
888 707 1042 745 falsus:

687 779 780 818 ‘Fui
809 779 1034 816 translatus

686 852 735 890 In
766 850 966 900 templum
995 847 1114 895 coeli,

689 922 983 973 Christumque
1018 919 1103 960 vidi

688 994 863 1033 Laetum
896 991 1105 1031 sedentem

687 1066 739 1104 Et
771 1063 1069 1104 comedentem.

595 1146 633 1180 5.
690 1139 900 1178 Johannes
940 1137 1116 1189 baptista

688 1211 787 1250 Erat
818 1211 1030 1261 pincerna,

687 1283 824 1334 Atque
855 1282 1058 1332 praeclari

687 1355 841 1394 Pocula
870 1353 958 1393 vini

686 1423 879 1463 Porrexit
910 1423 1063 1462 cunctis

686 1496 856 1535 Vocatis
886 1494 1061 1534 sanctis)

597 1573 634 1608 6.
691 1568 864 1617 Herigei¹
898 1567 971 1605 ait:

689 1638 933 1679 ‘Prudenter
966 1637 1046 1686 egit

694 1711 882 1750 Christus
912 1709 1142 1748 Johannem

691 1784 857 1822 Ponens
887 1781 1140 1833 pincernam,

688 1852 897 1902 Quoniam
927 1851 1071 1891 vinum

687 1927 783 1966 Non
817 1925 920 1964 bibit
950 1935 1148 1975 unquam.

596 2005 635 2039 7.
692 1995 878 2037 Mendax
907 1994 1109 2048 probaris,

691 2069 796 2109 Cum
823 2070 994 2107 Petrum
1026 2065 1126 2105 dicis

688 2143 791 2181 Illuc
821 2141 1060 2191 magistrum

687 2213 787 2252 Esse
818 2224 1034 2251 cocorum:

690 2285 763 2323 Est
793 2284 893 2337 quia
922 2280 1072 2321 summi

690 2356 852 2395 Janitor
882 2354 997 2393 coeli.

355 2478 389 2517 3,
417 2477 432 2507 1
486 2473 651 2516 Herigers
1093 2469 1126 2508 4,
1151 2468 1173 2498 2
1222 2463 1302 2497 Fuit

355 2540 390 2570 7.
441 2535 608 2577 Herigers
645 2537 789 2567 antwort
822 2533 856 2566 in
879 2532 995 2572 bezug
1020 2529 1083 2563 auf
1105 2529 1230 2562 Petrus
1255 2525 1371 2566 zeigt‚
1400 2519 1476 2555 dass
1501 2529 1562 2554 vor
1585 2522 1608 2553 6

263 2597 382 2630 odei-7
409 2597 485 2629 eine
505 2594 644 2638 stropho
669 2594 881 2637 ausgefallen
909 2594 976 2633 ist,
1004 2593 1036 2624 in
1062 2588 1207 2622 welcher
1231 2587 1291 2619 der
1315 2585 1518 2618 abenteurer
1543 2581 1608 2614 den

265 2658 389 2690 Petrus
415 2657 466 2691 als
492 2655 718 2690 meisterkoch
746 2655 806 2688 des
832 2653 985 2687 himmels
1010 2649 1211 2692 dargestellt
1236 2646 1340 2679 hatte.
