1721 2938
243 106 300 146 28

243 405 323 443 735

244 760 324 798 740

244 1120 324 1159 745

244 1479 325 1514 750

245 1840 326 1876 755

244 2197 324 2232 760

664 100 1164 144 WAL'PHARIUS.

383 256 594 305 Constitit,
633 265 848 305 opponens
877 252 996 304 clipei
1027 253 1300 304 septemplicis
1329 255 1497 302 orbem,

385 329 557 380 Saepius
587 324 757 364 eludens
788 324 997 364 venientes
1030 323 1229 376 providus
1259 325 1376 365 ictus.

383 401 489 440 Nam
504 396 629 437 modo
648 395 834 445 dissiluit,
854 410 1041 448 parmam
1056 395 1180 436 modo
1196 396 1324 447 vergit
1342 396 1384 434 in
1401 405 1596 446 austrum,

381 472 564 523 Telaque
595 467 802 518 discussit,
842 470 1003 507 nullum
1032 476 1167 509 tamen
1201 469 1329 519 attigit
1358 469 1491 508 illum.

379 543 606 595 Postquam
639 539 888 580 Pandarides
918 555 959 580 se
991 539 1290 592 consumpsisse
1324 540 1485 590 sagittas

379 616 589 654 Incassum
618 612 750 662 videt,
791 614 920 652 iratus
950 627 1050 652 mox
1080 613 1212 651 exerit
1242 626 1404 662 ensem,

380 687 433 726 Et
464 685 628 725 demum
660 684 889 725 advolitans
920 686 993 724 has
1023 685 1175 734 jactitat
1207 683 1278 722 01³e
1312 683 1498 736 loquelas

386 755 444 797 ‘O
475 759 509 797 si
539 764 732 797 ventosos
763 758 897 797 lusisti
935 755 1078 795 callide
1108 759 1256 805 jactus,

381 830 540 869 Forsan
573 828 772 868 vibrantis
803 827 971 866 dextrae
1000 830 1081 876 jam
1112 828 1289 879 percipis
1318 829 1470 867 ictum.'

381 903 447 941 Illi
475 901 736 941 Waltharius
771 899 923 939 ridenti
952 908 1117 952 pectore
1148 899 1319 939 adorsus

383 975 578 1026 ‘Jamque
611 972 681 1011 diu
711 973 808 1011 satis
839 980 1031 1024 exspecto
1063 973 1285 1011 certamina
1312 975 1421 1022 justo

384 1045 574 1086 Pondere
606 1046 681 1096 agi.
725 1045 886 1084 festina.
943 1046 990 1083 ln
1023 1058 1087 1084 me
1119 1058 1235 1084 mora
1266 1059 1352 1084 nou
1384 1046 1460 1085 erit
1491 1046 1601 1085 ulla.'

382 1119 581 1169 Dixerat,
622 1126 660 1156 et
689 1125 775 1156 toto
809 1116 1013 1156 connixus
1044 1125 1210 1168 pectore
1241 1118 1398 1157 serrum

385 1191 572 1241 Conjicit.
630 1190 746 1228 hasta
775 1189 920 1228 volans
950 1197 1092 1240 pectus
1123 1191 1321 1230 reseravit
1351 1191 1571 1244 equinum3

380 1262 508 1301 Tollit
540 1275 582 1300 se
613 1268 817 1298 arrectum
850 1259 1086 1313 quadrupes
1118 1269 1156 1299 et
1187 1262 1366 1299 calcibus
1396 1275 1517 1300 auras

377 1332 596 1382 Verberat,
623 1331 923 1384 effundensque
946 1333 1139 1385 equitem,
1164 1331 1304 1370 cecidit
1324 1346 1451 1385 super
1469 1334 1600 1373 illum.

384 1404 572 1442 Accurrit
602 1404 761 1452 juvenis
790 1412 829 1442 et
861 1405 898 1442 ei
927 1403 969 1444 vi
998 1403 1138 1456 diripit
1168 1418 1319 1444 ensem.

385 1475 550 1514 Casside
582 1474 763 1514 discussa
793 1476 924 1514 crines
955 1476 1240 1528 complectitur
1271 1477 1407 1524 albos,

382 1547 718 1600 Multiplicesque
748 1561 888 1599 preces
921 1548 1098 1587 nectenti
1128 1547 1288 1586 dixerat
1317 1549 1439 1587 heros

381 1621 522 1658 ‘Talia
547 1633 632 1658 non
665 1618 819 1658 dudum
849 1621 1029 1668 jactabas
1060 1619 1164 1658 dicta
1193 1633 1268 1671 per
1298 1622 1446 1659 auras!

380 1693 492 1730 Haec
523 1693 603 1741 ait,
646 1700 683 1729 et
717 1700 909 1730 truncum
942 1699 1051 1730 secta
1081 1692 1238 1732 cervice
1268 1692 1451 1745 reliquit.

384 1763 465 1803 Sed
497 1777 582 1803 non
613 1761 842 1801 dementem
875 1764 953 1802 tria
982 1764 1069 1804 visa
1102 1763 1300 1803 cadavera
1328 1773 1482 1804 terrent

388 1836 690 1881 Guntharium,
725 1836 842 1884 jubet
871 1835 922 1874 ad
950 1844 1125 1874 mortem
1153 1850 1378 1888 properare
1406 1837 1595 1877 vicissim.

383 1907 445 1945 En
478 1921 501 1945 a
530 1905 742 1946 Saxonicis
773 1906 855 1946 oris
882 1906 1066 1946 Ekevrid
1097 1916 1312 1958 generatus

383 1977 564 2025 Quartus
598 1978 813 2030 temptavit
847 1980 1025 2029 bellum,
1063 1980 1135 2032 qui
1164 1993 1241 2031 pro
1273 1994 1371 2018 nece
1402 1980 1505 2020 facta

384 2048 607 2098 Cujusdam
640 2050 826 2102 primatis
856 2064 905 2090 eo
937 2051 1155 2103 diffugerat
1187 2051 1307 2101 exul,

383 2119 517 2168 Quem
546 2121 702 2175 spadix⁴
721 2124 905 2172 gestabat
935 2138 1066 2176 equus
1087 2110 1262 2162 ‘maculis
1293 2123 1497 2167 variatim}

382 2192 459 2231 Hic
492 2193 564 2231 ubi
591 2193 871 2233 VValtharium
902 2203 1142 2247 promptum
1172 2192 1283 2234 videt
1314 2207 1398 2232 esse
1431 2192 1566 2233 duello

383 2264 508 2302 ‘Dic'
540 2265 596 2302 ait
625 2265 700 2303 ‘an
731 2279 881 2317 corpus
911 2274 1083 2321 vegetet*
1099 2267 1315 2305 tractabile
1344 2274 1491 2313 temet,

385 2335 480 2375 Sive
513 2351 589 2388 per
621 2336 751 2376 aerias
784 2337 923 2387 fallas,
964 2336 1200 2387 maledicte,
1241 2336 1422 2389 figuras?

340 2506 410 2536 742
434 2504 492 2536 olli
521 2504 562 2538 B.
619 2507 688 2538 745
713 2515 858 2548 corpore
883 2505 923 2537 B.
975 2507 1045 2537 752
1070 2503 1186 2537 ludum
1213 2504 1251 2537 C.
1303 2506 1371 2536 756
1397 2503 1527 2536 ekiurid
1552 2503 1592 2537 B.

245 2565 311 2595 757
337 2574 403 2604 qua
429 2574 507 2598 reus
533 2566 572 2600 C.
644 2568 714 2600 759
745 2566 913 2601 uariatum
938 2566 982 2602 E.
1053 2569 1124 2600 760
1148 2565 1235 2600 hunc
1261 2569 1298 2599 ut
1324 2563 1529 2598 Waltharius
1555 2565 1592 2596 C.

241 2622 293 2655 hic
318 2623 361 2658 E.
