1721 2938
264 145 348 186 :330
528 143 833 185 GALLUS
895 143 990 185 ET
1039 143 1352 186 VULPUSi

446 300 512 333 38.
572 292 776 345 Scriptum
809 293 858 334 de
890 295 1149 349 sterquilinio

568 365 728 405 Scimus
758 367 799 404 iu
832 369 1057 419 evangelio,

561 437 685 487 Quod
710 440 862 479 vinitor
891 442 1107 481 ficulneam

559 510 660 550 Inde
691 510 786 550 fecit
817 512 1082 551 fructiferam.

437 587 504 622 39.
562 582 747 623 Securim
779 598 956 637 namque
987 583 1178 624 domiuus

557 655 712 707 Aptans
742 656 801 694 illi
836 655 1031 696 radicitus

554 725 719 766 Succidi
750 728 854 766 hanc
888 728 1107 781 imperitat,

560 800 739 841 Dicens:
789 814 864 839 cur
904 808 1059 840 terram
1089 801 1294 853 occupat?

430 869 500 909 40.
560 872 610 909 At
650 872 717 908 ille
760 870 896 909 statim
933 870 1138 922 impetrat,

552 942 615 980 Ne
644 941 742 980 ficus
787 941 921 980 adhuc
962 951 1142 990 corruat,

550 1014 698 1053 Donec
730 1023 886 1065 aptaret
923 1016 1083 1054 sarculo

557 1085 607 1124 Et
637 1087 909 1137 impinguaret
947 1087 1141 1138 cophino.

428 1161 494 1196 41.
553 1156 676 1196 'Unde
706 1171 782 1208 per
809 1157 893 1196 fimi
924 1167 1107 1198 stercora

550 1229 744 1280 Signatur
775 1230 1043 1281 poenitentia,

550 1303 711 1349 Quibus
743 1310 932 1354 peccator
965 1303 1113 1341 sterilis

550 1373 646 1412 Sese
677 1374 833 1411 foetere
864 1373 1073 1426 conspicit.

423 1447 490 1483 42.
548 1444 655 1483 'Nam
688 1457 838 1496 pravus
872 1444 988 1496 quis,
1021 1458 1111 1483 cum
1142 1445 1297 1497 resipit,

546 1516 658 1554 Mala
690 1529 795 1567 quae
827 1515 920 1554 secit
962 1515 1117 1566 aspicit,

548 1589 683 1640 Atque
714 1586 940 1638 pinguescit
970 1587 1135 1625 fletibus

547 1661 611 1698 Ab
651 1660 853 1697 scelerum
881 1659 1146 1698 stercoribus,

419 1738 486 1774 43.
544 1733 738 1783 Desuper
771 1745 952 1785 quorum
993 1732 1206 1770 cumulum

552 1804 817 1855 Componens
846 1810 1017 1842 stratum
1048 1802 1226 1842 solidum

540 1877 628 1915 Jam
660 1877 835 1927 priscam
869 1875 994 1914 vitam
1027 1875 1177 1926 subigit

538 1950 589 1987 Et
620 1949 738 1987 altius
769 1961 811 1986 se
851 1947 1038 1997 subrigit.

417 2024 483 2062 44.
542 2021 595 2060 Et
621 2021 720 2073 quia
755 2019 878 2059 corde
916 2021 1053 2058 lacero

534 2093 760 2132 Praecessit
801 2091 1056 2136 lamentatio,

544 2165 715 2213 Jamjam
745 2162 905 2214 plaudit
935 2164 978 2202 in
1010 2162 1191 2202 carmine

535 2235 807 2275 Hiezechielis
839 2235 998 2275 ordine.

414 2312 483 2350 45.
544 2306 678 2355 Quam
711 2308 764 2346 ob
795 2320 884 2345 rem
911 2321 998 2347 non
1028 2308 1253 2355 incongrue

538 2378 784 2419 Notavimus
813 2378 854 2416 in
888 2378 1018 2430 capite

535 2451 720 2491 Stantem
749 2450 901 2501 gallum
941 2449 983 2487 in
1025 2456 1205 2489 stercore

538 2524 622 2562 Alis
659 2522 861 2575 percussis
899 2536 1060 2561 canere.

325 2672 379 2710 41,
407 2672 427 2702 4
452 2679 527 2702 sese
552 2669 659 2701 fetore
765 2661 822 2710 43',
846 2670 867 2701 4
893 2676 1090 2712 percussum
