1721 2938
193 114 220 152 6
617 105 1120 148 WAL'l'HARlUS.

309 261 509 310 Exempla
543 273 592 296 en
626 256 746 295 nobis
778 252 1044 304 Burgundia‚
1085 254 1261 292 Francia
1292 253 1462 294 donant.

308 332 406 372 Non
437 332 696 376 incusamur,
738 326 772 365 si
801 327 952 365 talibus
982 326 1317 378 aequiparamur.

311 403 488 451 Legatos
521 399 662 448 mitto,
704 397 935 449 foedusque
966 398 1088 436 ferire
1117 398 1292 446 jubebo,

204 481 256 514 90
319 472 485 514 Obsidis
518 472 646 524 inque
681 471 809 510 vicem
841 470 1032 509 dilectum
1065 469 1232 521 porrigo
1268 476 1433 518 natum,

310 543 363 581 Et
392 546 587 591 jamnunc
618 543 754 581 Hunis
787 555 953 580 censum
985 542 1179 592 persolvo
1215 541 1426 579 sunu-um?

312 615 393 653 Sed
425 613 526 667 quid
556 616 648 666 plus
679 611 894 653 remorer?
936 613 1087 653 dictum
1120 615 1398 664 compleverat
1428 613 1537 651 actis.

314 688 434 726 Tunc
465 687 644 734 Avares,
683 687 792 736 gazis
824 686 986 724 onerati
1016 685 1194 737 denique
1226 686 1385 733 multis,

315 757 542 799 Obsidibus
574 759 747 809 sumptis
778 759 1031 808 Hagnnone,
1074 757 1299 808 Hiltgunde
1333 758 1492 808 puella,

205 835 256 871 95
316 830 403 869 Nec
435 844 520 869 non
552 830 792 869 VValthario
824 830 1038 868 redierunt
1069 838 1235 880 pectore
1265 831 1386 867 laeto.

261 885 430 953 Attila,
472 905 708 943 Pannonias
742 906 951 955 ingressus
983 912 1022 942 et
1052 905 1154 943 urbe
1184 912 1399 955 receptus,

314 976 517 1016 Exulibus
546 977 688 1028 pueris
718 990 906 1027 magnam
946 975 1134 1014 exhibuit
1168 977 1384 1027 pietatem,

316 1050 376 1087 Ac
407 1048 537 1087 veluti
566 1049 764 1100 proprios
795 1049 954 1087 nutrire
983 1050 1153 1096 jubebat
1183 1047 1378 1095 heredes,

315 1117 499 1168 Virginis
532 1128 569 1158 et
599 1133 737 1158 curam
768 1121 936 1170 reginae
966 1119 1134 1158 mandat
1165 1120 1333 1158 habere.

210 1193 288 1228 100
322 1190 396 1228 Ast
426 1188 706 1230 adolescentes
741 1191 921 1244 propriis
956 1192 1244 1243 conspectibus
1276 1192 1417 1229 ambos

318 1261 493 1313 Semper
522 1262 665 1301 adesse
695 1265 829 1313 jubet3
881 1263 950 1302 sed
984 1271 1024 1302 et
1058 1263 1216 1302 artibus
1246 1263 1395 1302 imbuit
1429 1263 1544 1310 illos,

318 1335 650 1387 Praesertimque
679 1336 778 1384 Jocis
809 1336 909 1373 belli
939 1336 1015 1374 sub
1048 1343 1233 1386 tempore
1262 1335 1478 1375 habendis.

320 1403 402 1452 Qui
433 1406 555 1444 simul
584 1407 750 1456 ingenio
783 1414 1009 1445 crescentes
1043 1406 1190 1444 mentis
1224 1413 1262 1444 et
1291 1420 1415 1455 aevo,

319 1477 488 1516 Robore
518 1478 739 1517 vincebant
762 1479 913 1527 fortes,
953 1478 1174 1530 animoque
1204 1480 1431 1529 sophistas,

209 1548 289 1584 105
320 1547 466 1586 Donec
496 1551 576 1596 jam
611 1556 777 1588 cunctos
808 1557 1051 1600 superarent
1080 1548 1241 1588 fortiter
1271 1550 1432 1588 Hunos.

319 1619 492 1658 Militiae
527 1621 681 1671 primos
710 1627 808 1658 tunc
838 1620 963 1658 Attila
990 1620 1141 1658 fecerat
1166 1621 1279 1669 illos,

321 1687 400 1727 Sed
433 1689 545 1729 haud
574 1691 804 1740 immerito3
850 1692 1066 1744 quoniam,
1096 1693 1130 1730 si
1160 1690 1328 1744 quando
1359 1699 1544 1732 moveret

318 1760 457 1811 Bella,
490 1777 564 1814 per
593 1763 771 1813 insignes
803 1763 869 1800 isti
904 1763 1082 1801 micuere
1114 1764 1360 1815 triumphos.

320 1831 564 1885 Idcircoque
595 1834 717 1871 nimis
748 1833 942 1885 princeps
978 1833 1179 1873 dilexerat
1210 1836 1369 1874 ambos,

212 1904 292 1938 110
324 1903 454 1953 Virgo
491 1905 609 1942 etiam
641 1905 821 1956 captiva,
860 1905 937 1944 deo
970 1913 1203 1957 praestante
1233 1919 1450 1956 supremo,

322 1973 502 2024 Reginae
534 1978 691 2015 vultum
724 1977 923 2027 placavit,
971 1985 1008 2015 et
1041 1978 1156 2015 auxit
1187 1990 1392 2021 amorem,

319 2045 512 2084 Moribus
551 2047 710 2085 eximiis
743 2062 1000 2100 operumque
1030 2047 1234 2086 industria
1265 2045 1494 2086 abundans.

322 2116 581 2155 Postremum
616 2127 751 2157 custos
786 2120 990 2157 thesauris
1025 2118 1198 2170 provida
1226 2119 1382 2156 cunctis

322 2185 533 2237 Efficitur,
575 2187 866 2240 modicumque
891 2187 1024 2234 deest,
1070 2187 1169 2239 quin
1201 2195 1343 2237 regnet
1366 2195 1401 2225 et
1432 2187 1544 2238 ipsa3

212 2261 290 2296 115
322 2257 452 2306 Nam,
494 2258 691 2311 quicquid
724 2260 877 2307 voluit,
918 2259 967 2297 de
998 2261 1121 2297 rebus
1156 2259 1246 2298 fecit
1278 2267 1315 2296 et
1348 2259 1458 2297 actis.

335 2339 474 2369 nterea
505 2331 680 2371 Gibicho
712 2332 974 2383 defungitur,
1020 2334 1191 2386 ipseque
1222 2347 1349 2384 regno

323 2402 579 2441 Guntharius
610 2404 830 2451 successit,
870 2411 907 2441 et
937 2404 1030 2443 ilico
1062 2405 1370 2443 Pannoniarum

307 2507 352 2536 87
388 2504 581 2547 exemplum
611 2504 649 2536 C.
688 2504 845 2547 exempla
879 2503 910 2535 in
939 2504 976 2535 Α.
1051 2506 1092 2535 91
1124 2504 1279 2546 Denique
1314 2516 1401 2538 nunc
1427 2505 1454 2539 l.
1528 2505 1574 2535 92

209 2559 367 2591 demoror
394 2562 420 2595 l.
482 2565 528 2594 98
561 2563 715 2594 alumnos
742 2563 768 2595 l.
842 2566 886 2594 99
924 2561 1006 2594 fehlt
1034 2562 1117 2594 (1.1.
1192 2567 1257 2596 109
1294 2565 1368 2596 illos
1397 2567 1434 2596 A.
1508 2564 1573 2594 117

206 2617 416 2649 Gnntharins
446 2630 550 2661 reguo
577 2619 741 2652 successit
768 2619 793 2651 Ι.
