1721 2938
264 105 346 147 178
571 107 980 150 RUODLIEB
1039 110 1194 167 fragm.
1227 110 1305 154 lx.

586 287 876 300 .....
932 275 1001 301 um
1032 265 1149 315 prius
1189 266 1400 308 intueatur

870 363 881 374 .
941 333 1040 375 deus
1072 343 1201 390 utque
1226 340 1408 381 remittat

876 437 885 446 .
946 406 1142 450 debemus
1181 411 1375 454 famulari

263 476 314 513 45
378 503 388 514 .
449 505 458 515 .
518 506 528 516 .
591 506 600 516 .
663 507 672 516 .
735 507 744 516 .
809 509 818 520 .
877 509 886 518 .
943 480 1121 524 rediisse*
1142 482 1329 524 videmus

792 581 801 589 .
862 552 1110 603 110]n0ribus
1143 556 1436 607 amplificatum

370 647 865 661 ........
923 631 983 662 tes
1015 625 1135 663 vobis
1165 634 1202 664 et
1237 627 1402 668 habebo

370 718 865 733 ........
925 694 1004 733 atri
1034 695 1230 735 bonitatis

370 790 863 804 ........
922 764 988 817 r]e
1017 766 1223 818 spondent
1253 777 1293 808 et
1323 779 1496 812 ovanter

257 838 310 873 50
372 863 868 876 ........
926 851 943 876 s
972 847 1134 878 accuset
1159 839 1270 891 apud
1298 849 1335 880 te

855 937 866 946 .
919 910 965 947 lli
991 908 1267 949 debueramus
1293 898 1369 975 o

367 1006 855 1018 ........
915 989 954 1020 et
982 989 1077 1020 ante
1110 995 1194 1021 non
1224 982 1286 1021 uti
1315 995 1456 1024 servos

859 1082 867 1091 .
926 1052 991 1092 ius
1025 1051 1179 1093 adhaec
1209 1053 1433 1094 famulari?

575 1151 862 1163 .....
921 1138 942 1163 r
969 1137 1054 1165 non
1084 1139 1234 1165 venere
1266 1127 1346 1165 nisi
1374 1135 1458 1166 tres

252 1195 306 1231 55
368 1221 377 1231 .
442 1222 870 1235 .......
931 1204 1044 1236 etant
1073 1198 1173 1237 here
1202 1199 1333 1237 nostri

793 1296 803 1306 .
863 1297 873 1308 .
931 1266 1086 1307 endum
1121 1269 1315 1308 facientes

855 1368 865 1378 .
924 1338 1025 1379 dans
1055 1342 1196 1379 oscula
1239 1339 1344 1379 dixit

853 1440 861 1450 .
922 1425 940 1451 s
969 1411 1135 1463 grandis
1163 1411 1206 1451 fit
1235 1411 1280 1450 in
1309 1412 1390 1450 iltis

363 1506 864 1521 ........
922 1484 981 1523 ibi
1007 1484 1086 1523 fuit
1125 1491 1248 1535 atque
1277 1483 1475 1523 bibebant

251 1553 303 1588 60
365 1580 375 1591 .
433 1580 443 1591 .
505 1580 513 1589 .
576 1581 859 1593 .....
919 1556 1068 1595 herum
1107 1555 1355 1595 comitantur
1389 1565 1596 1610 ovantque

782 1655 791 1663 .
851 1655 862 1666 .
919 1642 959 1666 m
991 1642 1085 1666 cum
1112 1627 1276 1681 reIIqua
1317 1641 1363 1667 re

361 1724 856 1738 ........
915 1700 1092 1753 qualiter
1129 1699 1268 1739 omnia
1293 1706 1447 1740 starent

358 1795 853 1810 ........
914 1771 1064 1812 diceret
1097 1772 1236 1811 omnia
1264 1760 1372 1810 stare

360 1867 647 1880 .....
713 1870 723 1880 .
782 1870 791 1880 .
851 1872 862 1881 .
922 1842 947 1882 d
970 1844 1159 1884 nocuisse
1187 1856 1359 1882 suorum

247 1914 299 1950 65
361 1940 652 1952 .....
715 1941 724 1950 .
786 1941 797 1952 .
855 1942 865 1954 .
923 1923 988 1955 tus
1012 1913 1203 1965 jacuisset
1233 1927 1427 1965 agrorum

359 2012 855 2026 ........
912 1995 975 2026 rat
1015 1986 1342 2038 omnipotentem

359 2087 851 2099 ........
910 2060 1164 2098 cerasiorum

353 2128 526 2169 Sederat
558 2130 654 2168 hinc
681 2131 896 2181 speculans
929 2144 1028 2182 prae
1055 2145 1097 2170 se
1136 2129 1359 2184 pendentia
1395 2142 1592 2181 spernens

356 2229 1132 2244 ............
1190 2203 1324 2242 rantia
1354 2215 1483 2241 mora.

244 2276 298 2311 70
355 2269 530 2312 Nuntiet
558 2278 605 2310 ut
631 2270 790 2323 primus
820 2271 1012 2313 dominus
1042 2288 1135 2313 cum
1164 2274 1322 2313 venerit
1354 2275 1440 2319 ejus

357 2371 849 2383 ........
965 2374 975 2384 .
1033 2375 1043 2385 .
1104 2374 1114 2384 .
1169 2342 1391 2384 monedula
1429 2357 1568 2395 supra.

353 2415 587 2468 Exploraus
618 2414 718 2469 quid
751 2426 854 2468 agat,
885 2432 958 2458 cur
993 2419 1155 2460 cerasiis
1185 2420 1240 2457 iza
1273 2426 1413 2469 parcat

432 2518 442 2528 .
501 2517 511 2528 .
557 2517 560 2518 γ
570 2517 1064 2532 ........
1120 2492 1199 2531 hoc
1230 2504 1278 2528 ea
1311 2489 1474 2542 prodat.

353 2561 426 2601 Ille
458 2562 584 2614 magis
618 2560 831 2601 dominum
866 2565 977 2615 cupit
1006 2571 1051 2602 ut
1091 2561 1226 2603 videat
1256 2562 1504 2614 equitantem

241 2636 292 2670 75
355 2662 641 2674 .....
696 2631 872 2673 Ιίὃᾶῐίεὶ)
899 2634 1017 2685 herje
1047 2648 1166 2674 curre
1195 2634 1373 2686 venique
1446 2628 1449 2629 ⁷
