1721 2938
652 109 998 158 ECBASlS‚
1406 116 1486 157 281

149 274 253 309 1090
283 269 349 309 Sic
380 271 436 310 sic
465 284 635 322 magnus
666 269 768 320 eris,
828 278 1038 308 aeternum
1071 281 1221 307 nomen
1256 269 1438 319 habebis,

285 344 377 395 Ipse
410 343 604 393 bilinguis
636 356 745 391 eras,
786 342 900 393 nepti
929 349 1134 380 tormenta
1163 342 1352 393 parabas,

282 413 369 452 Nec
401 414 536 453 minus
568 414 719 466 optati,
753 426 876 465 quam
908 413 1005 451 facti
1036 426 1169 465 poena
1198 411 1347 451 luenda
1380 421 1461 452 est:

286 486 511 525 Vermibus
542 495 579 525 et
611 486 745 537 vespis
779 484 970 536 optabilis
1002 498 1092 524 esca
1121 485 1297 534 jacebis?

241 544 356 600 Inde
383 569 525 613 petens
556 568 730 600 castrum
763 558 881 598 duxit
911 572 1048 597 secum
1085 558 1342 611 leopardum,

146 638 252 675 1095
282 635 473 675 Nuncius
506 643 550 674 ut
579 635 685 685 regis
719 634 797 673 sibi
828 633 894 672 det
924 632 1154 671 munimina
1184 635 1306 687 pacis,

222 693 424 749 Talibus
459 724 481 748 a
512 710 642 761 culpis
674 709 781 748 sacta
812 717 870 748 est
900 708 1088 760 expulsio
1119 708 1267 760 vulpis.

286 786 474 827 Sufficiat
504 784 621 824 dictis
655 783 705 824 (le
746 792 860 823 tanto
891 785 1051 822 tramite
1083 784 1244 835 vulpis.’

758 857 878 894 luter.

288 931 413 969 ‘Vere
446 928 676 976 sufficeret,
717 929 751 967 si
780 941 863 966 non
897 926 1080 967 fortassis
1111 928 1293 978 abesset3

289 1002 361 1040 Ast
391 1001 497 1039 bene
529 999 682 1046 fecisti,
710 997 820 1059 quod
853 997 974 1036 nobis
1017 998 1073 1036 sic
1103 998 1294 1037 reserasti

147 1077 256 1113 1100
289 1074 415 1112 Tecta
448 1071 542 1122 diu,
575 1071 707 1124 planis
742 1069 903 1109 nudans
935 1070 1114 1109 archana
1143 1070 1334 1120 loquelis.

286 1143 386 1183 Esse
419 1151 556 1195 potest
587 1144 637 1181 ab
670 1158 713 1182 re
746 1142 858 1196 quod
894 1141 1024 1182 tardat
1056 1142 1198 1183 concio
1228 1144 1388 1191 turbae,

286 1214 542 1255 Commissus
572 1215 721 1255 sanctis
752 1216 988 1265 scrutabor,
1029 1213 1127 1268 quid
1159 1223 1271 1265 gerat
1300 1214 1443 1254 hostis.

282 1286 416 1326 Luter
447 1285 532 1325 adit
565 1287 724 1334 collim,
763 1288 834 1339 qui
865 1286 988 1338 cingit
1018 1286 1066 1326 de
1097 1299 1227 1338 prope
1257 1300 1416 1338 rupem,

286 1361 481 1411 Aspectat
512 1360 679 1410 vulpem
712 1359 860 1410 pitacia
888 1359 1037 1411 scripta
1065 1359 1296 1408 vehentem,

148 1438 254 1473 1105
293 1433 486 1473 Testibus
517 1435 716 1486 appositis
746 1436 911 1474 fuerant
945 1449 1049 1489 quae
1081 1435 1234 1474 solibus
1268 1434 1360 1473 illis.

286 1507 442 1547 Coetus
474 1515 562 1545 erat
592 1507 734 1555 sortis,
777 1508 1039 1546 conclamans
1069 1508 1240 1547 vocibus
1276 1507 1387 1545 altis:

284 1577 419 1629 ‘Regis
452 1588 720 1631 praeceptum
752 1594 969 1633 nunquam
1002 1581 1225 1619 frustretur
1254 1578 1443 1627 inultum,

286 1651 530 1690 Passeribus
563 1652 715 1703 prosit,
757 1652 829 1704 qui
876 1653 983 1702 regis
1012 1655 1124 1701 jussa
1153 1651 1303 1690 refellit

285 1723 554 1762 Sublaterans
566 1738 830 1777 quemquam,
843 1738 926 1764 non
934 1724 1012 1763 hoc
1023 1724 1101 1762 sibi
1112 1723 1293 1776 proderit
1304 1737 1500 1777 unquam.

145 1799 252 1834 1110
284 1792 329 1832 Si
357 1792 518 1833 scandit
548 1792 707 1843 fraude,
736 1808 835 1834 mox
870 1794 1027 1834 mistica
1059 1795 1232 1833 seminat
1263 1808 1349 1845 ore,

288 1866 519 1917 Perplexos
552 1879 715 1905 morsus
744 1866 959 1918 resupinat
988 1865 1112 1906 corde
1144 1867 1323 1919 lupinus,

288 1936 511 1978 Occultans
546 1939 754 1986 animum,
800 1946 928 1977 certat
956 1939 1196 1979 subvertere
1224 1943 1391 1989 justum.

281 2011 432 2050 Mortis
481 2011 547 2049 hic
589 2018 648 2049 est
688 2023 821 2049 annus
855 2010 994 2050 viroso
1032 2013 1233 2051 escamine
1275 2019 1415 2062 tectus,

280 2083 485 2135 Propinat
515 2089 690 2122 mortem
726 2081 824 2121 dum
857 2081 972 2133 fingit
1003 2083 1111 2122 serre
1141 2085 1326 2124 salutem.

149 2156 259 2193 1115
295 2152 505 2194 Fraudem
539 2168 661 2207 quam
692 2154 788 2193 fecit
817 2154 994 2193 vicinam
1024 2156 1194 2195 confore
1225 2156 1377 2195 scribit.

295 2222 421 2272 Quod
453 2225 541 2264 sine
570 2227 658 2277 lege
690 2226 819 2275 stetit,
847 2240 944 2266 vere
975 2228 1062 2268 sine
1090 2228 1176 2278 lege
1209 2228 1372 2280 peribit.

286 2296 376 2335 Hos
408 2306 600 2349 repetens
625 2297 746 2338 ludos
776 2299 957 2339 enutriat
986 2301 1029 2338 in
1061 2314 1180 2339 cruce
1208 2314 1366 2350 corvos,

279 2367 331 2406 Et
358 2369 503 2408 famuli
533 2384 711 2424 nequam
743 2371 869 2411 vincti
901 2371 1118 2411 mittantur
1147 2371 1357 2411 Ylerdam.

282 2440 491 2480 Vestitura
525 2441 610 2481 dati
644 2445 863 2483 confestim
896 2442 1086 2483 redditur
1113 2443 1197 2484 illi?

147 2516 254 2551 1120
285 2510 483 2551 Audierat
515 2526 708 2564 proceres
738 2516 835 2555 istas
861 2515 1077 2567 imponere
1111 2518 1231 2566 leges,

287 2584 471 2623 Territus
502 2584 611 2625 hisce
639 2586 782 2636 minis,
823 2595 1038 2638 correptus
1074 2595 1209 2626 mente
1245 2586 1410 2635 suroris,

287 2654 434 2696 Omnia
467 2671 571 2710 quae
601 2656 700 2699 vidit
724 2659 908 2710 relegens
934 2673 985 2699 ex
1017 2659 1161 2700 ordine
1192 2659 1346 2713 pandit,
