1721 2938
224 115 309 158 268
736 116 1070 159 ECBASIS.

362 268 427 307 Ex
456 267 520 306 his
550 267 774 307 sextarium
806 270 925 308 sanxi
954 268 1031 310 tibi
1060 268 1168 308 ferre
1196 270 1434 322 bibendum,

224 345 303 381 735
362 340 537 379 Dulcius
564 354 609 380 ac
641 340 787 380 melius
817 356 891 381 nec
923 343 1045 381 habet
1076 343 1298 382 scrutarier
1325 345 1446 395 ullus,

364 411 486 461 Quod
518 426 636 453 curas
670 413 817 464 abigit,
848 413 977 467 „quod
1009 415 1172 466 linguae
1203 418 1328 455 verba
1359 417 1572 465 ministrat,

361 484 535 523 Morbos
566 484 736 533 avertit,
772 487 992 526 metuenda
1022 489 1205 541 pericula
1235 490 1362 541 pellit.
1423 490 1438 498 ‘

365 556 570 596 Trevirici
601 557 743 596 calices
776 572 879 611 quos
913 574 994 599 non
1030 562 1161 600 secere
1189 560 1411 616 loquaces?

364 630 532 670 Iudiciis
563 630 682 670 cerlis
712 631 875 683 portavi
908 631 1018 672 dona
1047 635 1214 673 salutis)

786 704 852 744 leo
889 705 1013 756 vulpi.

220 778 301 817 740
360 777 557 817 ‘Tradere
589 777 623 817 si
655 789 839 829 cuperes,
871 790 955 816 non
991 784 1099 816 tanta
1131 778 1312 830 pericula
1345 780 1486 832 ferres,

360 852 539 890 Debitor
572 864 613 890 es
644 850 801 898 meriti,
834 864 909 901 pro
939 850 1042 888 tanti
1072 850 1256 902 pondere
1288 853 1395 892 sacti.

361 923 544 963 Crimina
573 924 715 973 lingua
745 922 833 972 lupi
867 931 1129 961 concusserat
1162 937 1232 962 ore
1264 925 1449 976 bilingui,

360 995 437 1033 Hic
469 994 599 1033 crucis
636 994 805 1032 exilium
837 996 1090 1046 properabat
1119 995 1241 1046 figere
1273 995 1422 1047 dirum,

361 1068 552 1108 Furcifer
583 1081 673 1106 ecce
702 1070 828 1116 jacet,
861 1081 942 1106 non
974 1068 1025 1107 sit
1055 1069 1128 1121 qui
1155 1070 1299 1110 tollere
1331 1079 1458 1111 curet.

220 1142 300 1181 745
361 1141 478 1180 Hanc
509 1141 659 1179 meruit
689 1153 892 1192 poenam,
922 1139 1059 1179 vila-sti
1087 1140 1266 1195 denique
1300 1145 1487 1196 culpam?

812 1213 971 1264 vulpes,

356 1282 496 1323 ‘Audit
527 1281 638 1336 quod
669 1297 751 1323 nou
782 1285 892 1334 vult,
925 1285 996 1338 qui
1016 1285 1146 1338 pergit
1165 1283 1298 1325 dicere
1320 1284 1431 1340 quod
1458 1287 1570 1328 vult)

851 1357 931 1396 leo.

355 1428 565 1469 ‘Demiror
592 1427 770 1482 pardum
800 1438 987 1468 nostrum
1019 1444 1227 1470 rarescere
1258 1430 1419 1472 visum)

291 1503 314 1523 ⁴
811 1504 967 1554 vulpes.

360 1572 437 1612 ‘Ne
471 1573 639 1612 turbere
672 1581 810 1625 pater,
847 1574 983 1614 veniet
1015 1588 1112 1614 mox
1144 1572 1301 1615 advena
1331 1574 1471 1623 frater,

360 1642 487 1692 Cujus
519 1643 568 1683 ad
601 1644 829 1696 ingressum
861 1646 1039 1698 pelletur
1078 1645 1273 1700 quodque
1304 1647 1522 1687 nocivum-⁹

774 1717 1009 1770 leopardus.

214 1792 296 1827 750
357 1785 496 1836 ‘Quod
528 1802 645 1828 mora
676 1790 727 1829 sit
761 1791 918 1839 fratris,
951 1791 1068 1830 stillis
1099 1787 1330 1842 perfundor
1361 1790 1538 1841 acerbis;

352 1860 396 1899 Si
430 1862 570 1900 forsan
601 1862 744 1914 periit,
781 1864 927 1902 melior
960 1878 1001 1902 se
1034 1876 1154 1902 nemo
1184 1861 1394 1910 remansit,

354 1934 510 1986 Dispar
540 1935 824 1987 comparibus,
863 1950 990 1975 verax
1021 1935 1226 1988 psalmista
1257 1935 1471 1986 probatur,

354 2006 553 2057 Sobrius,
586 2008 861 2060 armipote11S‚
893 2017 1048 2057 casius,
1081 2007 1361 2048 moderamine
1392 2008 1566 2059 pollens.

351 2079 525 2119 cautior
555 2089 612 2120 es!
642 2081 833 2130 homine,
864 2080 1112 2133 prudentior
1141 2082 1205 2119 hic
1237 2079 1485 2135 Salomone-⁷

823 2156 982 2206 vulpes.

214 2229 293 2263 755
355 2222 412 2263 ‘Si
442 2222 601 2274 redeat,
633 2225 761 2265 visam
794 2225 909 2266 decet
943 2242 992 2266 en
1029 2236 1066 2266 te
1097 2239 1266 2278 poscere
1298 2224 1507 2263 mensam.'

349 2297 509 2348 Vulpes
540 2297 599 2335 ire
630 2306 766 2349 parat,
804 2298 974 2337 caudam
1008 2306 1173 2339 versuta
1200 2297 1362 2346 regirat,

351 2370 406 2409 Ul
439 2370 568 2422 prosit
596 2368 752 2421 pardo,
793 2370 952 2421 signum
985 2371 1078 2409 facit
1109 2371 1207 2408 haec
1238 2367 1449 2420 leopardo.

355 2442 634 2493 Congreditur
664 2457 886 2497 quercum,
918 2443 982 2482 cui
1012 2444 1185 2483 scixerat
1213 2440 1355 2481 adfore
1374 2439 1562 2494 pardum.

308 2608 531 2643 wainditus
565 2612 604 2644 A.
727 2612 797 2642 759
825 2610 951 2644 wieder
977 2611 1074 2654 lepus
1100 2611 1154 2642 fiir
1180 2607 1371 2652 leopardus.
1495 2610 1563 2641 758

211 2669 339 2702 cinerat
369 2672 406 2702 Α.
530 2673 597 2703 759
624 2672 725 2704 talem
754 2669 882 2705 schalte
909 2671 960 2706 ich
989 2672 1051 2706 ein.
1103 2669 1258 2715 prolerre
1286 2672 1326 2704 A.
