1721 2938
280 376 372 412 186.

285 663 376 698 187.

283 951 375 987 188.

280 1239 373 1275 189.

282 1530 373 1566 190.

283 1816 376 1851 191.

277 2107 370 2142 192.

275 2399 369 2434 193.

654 80 967 123 UNlBOS.

440 228 524 279 Ego
565 242 640 280 pro
673 237 710 268 te
745 230 1006 283 praepositus

445 300 614 338 Efficiar
647 300 882 342 ditissimus.

432 371 679 423 Compulsus
709 386 800 412 sum
831 374 1009 413 fataliter

437 445 690 495 Apothecam
720 453 859 497 tuam,
891 448 1026 496 miser,

436 516 528 555 Hoc
557 517 663 556 fuste
698 531 791 558 meo
820 527 1000 570 tangere,

439 587 560 628 Certa
589 603 654 628 me
689 599 817 630 tonna
849 591 1031 643 ponere.'

435 659 640 700 Subulcus
669 662 785 714 pellit
816 663 1001 711 cuculos,

435 732 616 771 Multum
646 734 821 773 laetatur
856 735 1020 773 unibos.

437 804 632 855 Aperitur
659 819 728 844 vas
759 806 954 855 ligneum.

437 876 501 915 Fit
534 877 724 916 fortunae
754 878 1058 916 commercium.

432 948 611 997 Eicitur,
644 947 893 998 dissolvitur,

438 1021 697 1060 Festinanter
732 1019 966 1065 dimittitur,

439 1091 568 1131 Duris
599 1091 641 1131 fit
674 1093 780 1131 liber
815 1094 990 1133 vinculis

439 1162 521 1211 Qui
548 1165 672 1214 jacuit
703 1166 779 1204 sub
811 1165 984 1204 circulis.

432 1236 638 1276 Subulcus
666 1238 790 1276 intrat
830 1250 1056 1278 concavum

437 1310 545 1358 Vas,
596 1318 738 1361 aptans
772 1324 921 1363 corpus
960 1309 1190 1362 proprium,

440 1380 568 1429 Quasi
597 1383 765 1422 sentiret
797 1384 993 1422 lectulum

436 1455 500 1493 De
534 1454 706 1494 floribus
738 1455 1025 1508 compositum.

433 1527 550 1565 Trux
582 1542 651 1567 vas
678 1529 849 1566 obturat
890 1530 1053 1577 umbos,

435 1597 612 1637 Strictim
646 1599 811 1650 reponit
837 1600 1025 1647 circulos,

436 1670 514 1708 Per
543 1671 654 1709 locos
687 1671 830 1710 transit
862 1671 997 1711 invios

437 1741 604 1780 Duceus
633 1756 781 1794 porcos
810 1744 1113 1795 pinguissimos.

434 1813 625 1853 Reversis
658 1816 928 1866 potatoribus,

434 1887 553 1935 Tres,
597 1886 645 1925 de
687 1889 981 1938 potationibus,

436 1959 551 1998 Dum
584 1961 756 1999 volvunt
788 1969 955 1999 tonnam
985 1962 1025 1999 in
1059 1975 1170 2001 mare

435 2031 571 2070 Audet
601 2035 795 2073 subulcus
837 2033 996 2074 dicere:

428 2104 578 2153 ‘Fiam,
612 2105 705 2145 fiam
739 2109 1012 2159 praepositus,

434 2175 520 2216 Sub
555 2180 699 2218 vestris
733 2180 1027 2229 voluntatibus,

438 2249 567 2289 Maris
598 2264 650 2289 ne
680 2254 806 2300 jacter
838 2251 1030 2291 fluctibus

432 2323 469 2361 A
507 2324 624 2363 vobis
653 2324 853 2375 jam[jam]
884 2324 1099 2365 domitusl’

427 2395 581 2434 Plenus
612 2396 710 2435 vino
751 2397 1013 2449 praepositus

433 2466 479 2503 Iu
512 2466 866 2517 indignationibus

435 2538 617 2579 Subulco
648 2540 748 2580 dixit
780 2542 977 2594 simplici:

435 2610 542 2650 ‘Non
576 2620 632 2651 est
663 2613 761 2652 haec
794 2627 877 2653 vox
909 2613 1038 2654 dulcis
1070 2614 1182 2655 mihi.

1409 81 1491 123 377
