1721 2938
1152 117 1164 130 ν

243 164 298 205 ‘24
660 158 705 200 W
727 158 757 198 A
779 157 812 197 Ιι
828 156 868 197 Τ
889 155 926 196 Η
946 158 975 196 Λ
996 155 1034 196 R
1051 155 1069 196 l
1087 156 1121 198 U
1141 155 1184 197 S.

387 312 595 367 (Aspicio‚
627 309 801 346 formius
833 307 971 357 adest,
1010 305 1059 346 ad
1092 307 1250 358 proelia
1283 306 1409 361 veuit)

388 383 579 425 Armillas
610 387 772 418 centum
811 376 860 417 de
892 380 1022 418 rubro
1057 378 1210 431 quippe
1240 381 1403 418 metallo

386 457 526 495 Facias
558 452 856 502 transmittam,
897 465 980 504 quo
1021 465 1170 491 nomen
1207 450 1312 502 regis
1342 452 1572 492 honorem?

246 536 324 571 015
384 527 475 567 Tali
507 538 708 577 responso
740 523 981 564 discesserat
1012 523 1079 562 ille
1114 531 1295 576 recepto.

382 598 645 650 Principibus
676 604 834 646 narrat,
880 596 978 650 quid
1010 597 1179 649 protulit
1211 604 1334 649 atque
1372 593 1605 646 resumpsit.

381 672 499 711 Tunc
530 670 702 720 lfflagano
738 668 788 708 ad
820 683 954 720 regem
986 671 1231 720 ‘porrectam
1259 668 1420 718 suscipe
1450 681 1604 717 gazam,

384 744 472 782 Hac
501 742 608 794 potis
639 740 685 781 es'
712 740 934 789 decorare,
963 750 1103 793 pater,
1134 748 1172 779 te
1208 738 1549 789 concomitante53

383 815 433 854 Et
465 813 588 854 modo
622 814 671 853 de
704 829 839 866 pugna
869 814 1046 866 palmam
1079 826 1272 853 revocare
1302 818 1520 850 memento.

246 895 326 929 620
386 890 553 939 Ignotus
593 888 664 926 tibi
699 887 984 936 waltharius,
1026 895 1062 925 et
1098 885 1279 924 maxima
1309 884 1454 922 virtus.

384 962 438 1000 Ut
470 960 572 999 mihi
600 960 823 1011 praeterita
854 957 1063 1011 portendit
1094 958 1198 998 visio
1228 964 1361 1005 nocte,

383 1034 491 1079 Non,
522 1033 555 1071 si
573 1032 839 1080 conserimus,
871 1046 945 1072 nos
970 1044 1170 1083 prospera
1199 1037 1344 1068 cuncta
1365 1019 1605 1080 sequentur.

387 1108 535 1145 Yisum
568 1106 723 1157 quippe
752 1104 854 1143 mihi
882 1113 920 1142 te
950 1104 1206 1143 colluctarier
1238 1115 1349 1152 urso,

386 1178 467 1225 Qui
500 1186 590 1229 post
623 1177 837 1216 conllictus
873 1178 1018 1227 longos
1049 1177 1122 1216 tibi
1150 1175 1359 1216 mordicus
1391 1189 1517 1215 unum

245 1254 324 1288 625
387 1249 492 1287 Crus
517 1263 606 1288 cum
628 1248 785 1300 poplite
811 1246 859 1286 ad
883 1261 1014 1300 usque
1032 1247 1169 1286 femur
1194 1247 1452 1299 decerpserat
1467 1261 1604 1300 omne,

387 1321 437 1359 Et
470 1334 567 1359 mox
600 1321 756 1359 auxilio
786 1322 1035 1359 subeuntem
1067 1334 1112 1358 ac
1143 1321 1223 1358 tela
1254 1320 1454 1358 ferentem

381 1391 452 1430 Me
482 1392 597 1443 petit,
627 1399 750 1443 atque
782 1392 948 1429 oculum
969 1405 1059 1430 cum
1090 1390 1282 1430 dentibus
1314 1391 1421 1430 eruit
1452 1391 1607 1433 unum.’

319 1448 416 1505 His
446 1462 740 1504 animadversis
771 1466 916 1505 clamat
946 1479 1021 1504 rex
1046 1466 1114 1505 iile
1146 1465 1374 1516 superbus:

385 1539 454 1578 ‘Ut
484 1536 628 1586 video,
657 1537 884 1587 genitorem
925 1537 1097 1577 imitaris
1128 1536 1306 1588 Agacien
1334 1536 1437 1588 ipse.

245 1619 326 1656 630
383 1612 460 1651 Hic
483 1624 650 1664 qnoque
676 1608 945 1662 perpavidam
973 1608 1106 1660 gelido
1133 1610 1209 1649 sub
1233 1616 1399 1661 pectore
1425 1618 1604 1651 mentem

383 1685 603 1732 Gesserat,
637 1690 675 1721 et
707 1681 845 1721 multis
875 1682 1046 1722 fastidiit
1073 1682 1232 1734 proelia
1265 1680 1430 1721 verbis)

320 1740 469 1799 Tunc
499 1759 622 1797 heros
654 1771 841 1809 magnam
868 1760 971 1807 juste
1008 1764 1252 1808 conceperat
1280 1757 1398 1805 iram,

385 1831 449 1886 (Si
473 1839 608 1871 tamen
641 1831 683 1868 in
718 1829 933 1868 dominum
962 1829 1118 1868 licitum
1161 1837 1218 1868 est
1246 1829 1415 1868 irascier
1441 1826 1603 1882 ullum.)

383 1904 486 1942 ‘Hie'
517 1902 570 1940 ait
602 1903 657 1941 ‘in
688 1903 833 1941 vestris
864 1901 1087 1941 consistant
1117 1900 1255 1940 omnia
1283 1900 1388 1938 telis.

246 1982 326 2018 635
384 1976 456 2015 Est
485 1976 526 2014 in
557 1982 775 2026 conspectu
810 1987 933 2028 quem
966 1973 1105 2014 vultis.
1163 1971 1327 2011 dimicet
1356 1970 1504 2010 omnis.

386 2045 584 2086 Cominus
613 2044 777 2092 astatis,
822 2058 897 2083 nec
926 2048 1006 2093 jam
1037 2045 1162 2084 timor
1190 2040 1362 2095 impedit
1395 2043 1545 2089 ullum;

385 2119 590 2158 Eventum
622 2115 806 2164 videam,
847 2130 921 2154 nec
952 2114 1122 2156 consors
1158 2117 1232 2158 sim
1265 2115 1517 2166 spoliorum?

382 2190 580 2237 Dixerat,
620 2196 657 2227 et
688 2188 832 2226 collem
863 2188 978 2239 petiit
1008 2201 1107 2226 mox
1134 2188 1221 2239 ipse
1251 2186 1546 2239 propinquum,

380 2260 730 2312 Descendensque
762 2260 811 2297 ab
845 2272 952 2311 equo
983 2259 1167 2298 consedit
1203 2268 1239 2298 et
1270 2259 1412 2310 aspicit
1438 2259 1526 2298 illo.

246 2340 326 2378 640
339 2317 455 2378 Post
482 2337 580 2375 haec
612 2334 868 2373 Guntharius
900 2334 1113 2374 Cameloni
1144 2334 1343 2386 praecipit
1377 2335 1488 2381 ajens

384 2410 526 2459 ‘Perge
555 2416 593 2446 et
623 2407 860 2445 thesaurum
890 2405 1007 2446 reddi
1037 2407 1136 2445 mihi
1165 2406 1354 2458 praecipe
1386 2413 1530 2445 totum.

387 2480 545 2529 Quodsi
578 2485 815 2525 cunctetur,
859 2478 941 2516 scio
976 2487 1016 2517 111
1051 2479 1114 2518 vir
1146 2479 1262 2517 sortis
1300 2487 1337 2517 et
1367 2475 1515 2524 audax,

340 2591 409 2621 625
435 2589 562 2631 poblite
590 2590 629 2621 A.
693 2590 762 2621 626
787 2591 823 2620 et
859 2587 898 2620 C.
960 2588 1030 2619 628
1064 2586 1114 2620 his
1149 2592 1262 2620 autem
1302 2586 1343 2619 C.
1402 2582 1601 2626 62911383-

247 2645 337 2679 thien
367 2649 406 2679 A.
431 2645 622 2687 lnagalthien
656 2646 699 2678 Β.
734 2646 874 2688 agacien
911 2646 950 2677 C.
978 2643 1020 2677 E.
1095 2648 1159 2678 631
1198 2644 1326 2679 fastidit
1352 2644 1391 2677 A.
1419 2642 1458 2676 B.
1531 2644 1600 2675 634

249 2715 289 2736 en
316 2705 362 2736 ait
390 2703 428 2735 B.
491 2706 559 2736 639
587 2705 661 2736 illos
690 2703 730 2734 C.
787 2705 856 2736 640
881 2704 1043 2736 caiannoni
1073 2703 1109 2735 Β.
