1721 2938
319 545 385 580 71.

320 1126 387 1160 73.

675 98 970 141 UNIBOS.

444 253 556 292 Mori
589 252 686 292 dum
719 262 898 293 tremens
927 255 1128 304 aestimat,

444 324 713 366 Occasionem
743 326 920 374 simulat,

441 397 620 436 Mortem
652 398 823 448 pingens
853 397 894 436 in
928 402 1100 449 conjuge

441 468 588 506 Tincta
618 468 738 506 suillo
769 468 982 519 sanguine.

443 540 564 580 Uxor
595 539 728 579 dolosi
758 541 834 579 sub
870 539 967 580 dolo

439 611 574 652 Strata
602 612 703 664 jacet
732 614 912 664 tugurio,

440 684 569 732 Quasi
598 685 649 724 sit
678 699 777 726 vere
808 694 982 734 mortua,

441 759 584 800 Occisa
614 760 755 812 sponsi
786 759 968 798 dextera.

436 831 625 871 Cadaver
658 831 823 871 foedum
855 832 1051 882 sanguine

441 904 604 955 Corpus
638 911 808 954 apparet
841 903 1029 943 [eminae.

443 975 643 1015 Crudeles
675 989 960 1015 mansuescere

439 1048 649 1099 Incipiunt
679 1062 755 1100 pro
784 1047 968 1087 crimine.

443 1119 526 1168 Qui
556 1128 757 1160 venerant
789 1118 988 1167 occidere,

440 1190 610 1230 Certant
640 1206 873 1243 percussam
904 1193 1109 1243 plangere,

440 1262 705 1313 Increpantes
739 1260 977 1311 unibovem,

443 1333 602 1373 Flendo
635 1342 848 1373 mactatam
880 1336 1108 1385 conjugem.

441 1405 571 1444 Simul
604 1405 743 1445 dicunt
776 1406 990 1445 ferociter:

441 1478 594 1526 ‘Heus,
630 1479 833 1518 insensate
864 1487 1084 1529 compater,

441 1548 532 1598 Qua
565 1565 684 1589 causa
718 1559 757 1589 tu
788 1549 1008 1589 durissima

440 1623 687 1673 Perpetrasti
718 1619 927 1660 facinora?

441 1691 709 1730 Confusionis
744 1700 841 1730 trux
875 1692 991 1730 faber

439 1764 528 1804 Nos
561 1763 759 1802 seduxisti
789 1763 992 1816 nequiter,

439 1835 494 1874 Ut
525 1843 747 1874 mercatum
776 1836 1044 1887 probavimus

440 1908 619 1946 Mortem
651 1915 759 1945 tuam
790 1908 1068 1946 tractavimus.

438 1980 636 2029 Magnum
669 1979 886 2028 damnum,
917 1979 1163 2027 stultissime,

439 2051 666 2104 Adquisisti
696 2050 746 2090 de
777 2054 973 2102 conjuge:

441 2122 538 2161 Non
571 2130 630 2160 est
663 2123 781 2173 culpa
817 2121 1033 2161 mediocris

437 2191 576 2231 Vitam
609 2193 768 2242 fugasse
798 2191 1006 2242 conjugis?

436 2264 573 2317 Inquit
605 2277 772 2303 securus
805 2264 966 2312 unibos,

438 2335 570 2385 Magis
601 2333 798 2373 seducens
831 2342 910 2374 tres
946 2333 1079 2374 viros:

437 2407 642 2445 ‘Mirabile
677 2405 870 2457 flagitium

441 2479 678 2529 Perpetravi
712 2492 787 2530 per
814 2477 1008 2529 gladium.

442 2550 485 2588 Si
517 2563 673 2588 mecum
707 2562 845 2601 pacem
879 2549 1021 2595 facitis,

444 2621 488 2659 Si
520 2620 652 2660 cordis
683 2621 784 2660 iram
816 2619 1017 2672 rumpitis,

1411 105 1496 146 363
