1721 2938
75 400 132 433 fol.
149 402 201 434 4³.

73 2278 130 2312 sol.
143 2277 202 2311 412.

223 100 304 142 132
557 99 966 143 RUODLIEB
1029 99 1181 154 fragm.
1212 100 1245 141 Ι.

368 253 403 294 O
438 267 561 306 quam
596 253 724 293 felicis
755 254 836 293 huc
866 254 1016 293 ominis
1047 253 1249 293 exiliaris!

366 325 512 375 Diligit
546 325 653 363 lianc
688 333 816 364 artem
851 339 927 364 rex
957 326 1033 364 hac
1065 334 1104 364 et
1133 326 1175 364 in
1206 333 1292 364 arte
1324 327 1517 377 peritum.

230 401 280 435 95
371 394 570 449 Quisquis
594 395 730 446 habet,
765 394 863 436 dare
884 397 986 451 quit,
1011 396 1106 450 [qui
1128 410 1212 436 non
1235 397 1358 436 habet
1377 397 1443 437 hic
1463 396 1575 446 dare,

620 474 624 477 ’
983 468 1072 519 dic,
1103 464 1255 525 quidP]

367 539 410 579 Si
444 554 528 580 non
562 540 754 589 cottidie,
784 549 920 579 tamen
954 541 1116 581 assidue
1149 541 1263 581 dabit
1292 542 1375 580 ille.

367 611 609 665 Numquam
640 613 838 652 sollicitus
870 613 1002 652 victus
1035 614 1161 652 fucris
1190 615 1257 654 vel
1289 612 1474 653 amictus.

368 683 472 722 Cum
510 683 720 723 donantur
751 685 786 722 ei
818 685 982 736 pulchri
1015 687 1250 738 celeresque
1282 686 1439 732 caballi,

364 755 497 795 Nobis
532 764 808 808 prscstantur,
842 770 962 796 cursu
994 770 1076 810 quo
1107 771 1222 797 more
1252 758 1496 809 probentur,

227 832 306 866 100
365 825 447 874 Qui
483 828 591 866 celer
619 836 657 866 et
689 828 818 867 facilis
851 838 911 868 est
941 843 1015 869 nec
1046 829 1230 883 gyrando
1263 829 1443 868 rebellis.

365 899 438 938 Est
470 900 534 939 cni
568 900 745 939 maxime
779 909 876 939 tunc
908 916 1035 953 opus,
1068 903 1129 941 illi
1160 902 1288 942 donat
1319 890 1358 940 et
1386 902 1517 940 illum.

365 972 544 1024 Propter
557 981 594 1011 et
608 986 813 1013 annonam
831 987 1055 1027 numquam
1071 987 1283 1012 nummum
1301 971 1415 1011 dabis
1428 986 1579 1025 unum;

363 1044 470 1083 Nam
504 1046 591 1084 sine
623 1059 817 1084 mensura
849 1045 1015 1085 dabitur
1045 1046 1136 1095 tibi,
1168 1044 1267 1084 dum
1300 1045 1438 1097 cupis,
1467 1046 1551 1084 illa.

364 1114 426 1153 Ad
457 1129 638 1154 mensam
675 1116 842 1155 comites
880 1119 1192 1169 superexaltans
1225 1118 1465 1169 locupletes,

225 1192 304 1228 105
364 1188 477 1227 Dum
509 1190 755 1228 convivatur
787 1190 1003 1229 nobiscum
1036 1189 1161 1229 fando
1189 1193 1362 1239 jocatur.

364 1261 610 1313 Appositum
644 1260 842 1314 quicquid
874 1262 1056 1302 melioris
1090 1262 1164 1301 erit
1198 1263 1298 1311 sibi,
1330 1261 1466 1310 mittit,

362 1331 410 1371 Id
446 1333 599 1373 faciens
631 1334 774 1384 nobis,
805 1335 898 1387 plus
930 1348 1055 1387 quam
1083 1331 1306 1382 mercedis,
1335 1333 1522 1373 honori&

363 1405 408 1445 Si
436 1406 564 1446 libeat
597 1420 689 1446 cum
722 1420 786 1446 me
816 1414 854 1446 te
885 1406 1012 1446 fidum
1044 1405 1179 1446 foedus
1209 1407 1329 1456 inire,

363 1477 516 1518 Dando
548 1477 669 1518 fidem
700 1487 861 1519 nostras
891 1484 1108 1531 jungamus
1137 1477 1293 1517 foedere
1327 1477 1505 1528 dextras,

225 1554 305 1590 110
365 1549 537 1603 Separet
569 1559 612 1590 ut
643 1550 701 1589 nil
730 1565 805 1591 nos
838 1551 1050 1591 dumtaxat
1079 1565 1217 1591 amara
1248 1550 1327 1589 nisi
1359 1563 1485 1590 mors.

371 1623 508 1662 Simus
541 1624 819 1677 ubicumque,
845 1638 911 1663 res
942 1625 1180 1664 alterutrius
1214 1631 1388 1677 uterque

366 1693 433 1733 Sic
463 1703 551 1747 agat
587 1704 628 1735 ut
659 1695 877 1749 proprias,
912 1697 1057 1737 melius
1088 1694 1222 1750 siquid
1257 1704 1380 1749 queat
1408 1696 1523 1737 illas!

371 1821 525 1890 Exul,
559 1848 645 1880 tum
682 1838 846 1879 demum
876 1838 1006 1879 fidens
1037 1840 1137 1888 sibi,
1179 1838 1283 1879 dixit
1316 1838 1367 1878 ad
1399 1839 1537 1879 illum:

368 1915 440 1955 Sat
469 1915 591 1965 mihi,
622 1914 787 1965 domne,
818 1923 933 1955 tuum
966 1913 1147 1954 declaras
1176 1916 1280 1954 velle
1310 1915 1550 1966 benignum,

226 1993 307 2029 115
370 1988 685 2042 Consiliumque
717 1997 832 2027 tuum
867 2002 948 2028 non
980 1987 1137 2027 aestimo
1168 1986 1578 2040 transgrediendum3

365 2061 556 2115 Namque
592 2074 702 2100 meas
736 2073 903 2108 causaS,
935 2068 981 2098 nt
1012 2068 1132 2110 sunt,
1162 2068 1205 2100 tu
1237 2060 1481 2100 coniciebas.

368 2132 476 2171 Hinc
504 2140 668 2183 pactum
699 2130 794 2171 fidei
826 2132 960 2183 placet
995 2132 1102 2170 inte'r
1132 2145 1206 2171 nos
1237 2130 1436 2170 stabiliri?

363 2202 517 2243 Dando
549 2204 629 2243 sibi
660 2202 826 2243 dextras
858 2203 916 2242 ibi
946 2203 1051 2242 fiunt
1081 2217 1262 2255 moxque
1293 2202 1466 2250 sodales,

225 2352 306 2388 120
368 2346 520 2388 Oscula
579 2378 588 2388 .
649 2376 659 2386 .
721 2375 731 2385 .
791 2375 800 2385 .
861 2374 870 2384 .
930 2374 940 2385 .
1001 2375 1009 2385 .
1072 2373 1080 2384 .
1141 2353 1379 2385 statuuntur
1413 2336 1561 2397 amicis

364 2419 583 2458 Alterutris
614 2415 791 2457 dominis
823 2415 1071 2456 famulantes
1098 2415 1292 2456 cordibus
1326 2417 1431 2456 unis.

314 2599 375 2622 vor
401 2591 447 2622 95
473 2586 604 2621 scheint
630 2586 684 2620 ein
711 2596 785 2620 vers
811 2585 900 2620 oben
925 2584 1196 2629 abgesctmitten.

316 2657 384 2692 115
434 2654 487 2688 bei
516 2652 723 2696 conjiciebas
748 2663 801 2686 am
829 2651 911 2686 rand
938 2650 1287 2696 hinzugeschrieben:
1326 2653 1387 2682 rat.
