1721 2938
215 112 299 153 272
726 107 1067 151 ECBASIS.

355 262 524 316 Squalet
552 273 593 299 se
628 258 783 306 cinere,
815 257 911 299 dum
945 261 1077 299 fertur
1108 259 1235 299 motio
1267 268 1412 315 terrae,

217 338 297 376 345
359 332 542 373 Ossuscat
574 330 706 370 visum
755 344 989 370 memorans
1026 331 1152 370 solem
1183 333 1457 376 tenebratum.

354 406 425 445 I-Iii
454 403 604 456 gemini
632 401 813 454 trepidas
844 417 1030 455 pressere
1063 402 1112 442 ad
1148 413 1316 456 pectora
1349 408 1517 460 palmas,

354 477 513 518 Unicus
548 484 593 515 ut
621 482 815 524 matrem,
847 474 902 513 sic
934 474 1084 515 deflent
1114 477 1172 515 hii
1204 479 1442 530 patientem.

354 551 430 590 His
462 549 606 589 avibus
635 548 755 586 motis
787 548 944 599 stupuit
978 548 1120 588 militia
1149 551 1269 602 regis.

353 623 565 661 Turbatur
596 619 748 673 pardus
780 627 861 658 tam
902 627 1060 670 gratum
1093 621 1263 673 perdere
1297 638 1461 664 munus.

767 692 1020 744 philomena.

216 776 299 812 850
356 768 455 809 ‘Nec
485 765 587 816 tibi,
617 778 692 803 nec
722 764 808 804 istis
839 765 890 803 sit
935 765 1218 806 controversia
1249 767 1424 807 mentis?

792 834 965 887 pardus.

357 909 580 961 ‘Linquere
618 919 702 945 nou
734 907 869 957 potui,
900 905 996 946 ssevi
1030 906 1285 959 improperia
1313 907 1490 948 Christi?

769 979 1024 1031 philomena.

358 1053 540 1105 ‘Singula
571 1065 654 1091 non
685 1064 916 1101 memoras,
948 1065 1052 1104 quae
1084 1064 1147 1089 me
1179 1049 1330 1091 dixisse
1359 1055 1577 1106 stupebis)

812 1123 980 1176 pardus.

358 1196 614 1247 ‘Audieram3
647 1195 717 1236 sed
754 1197 864 1236 fama
893 1197 993 1246 fuit,
1023 1196 1272 1249 penitusque
1302 1199 1493 1242 recessit?
1530 1192 1538 1197 ⁶

773 1269 1027 1320 philomena.

362 1343 470 1383 ‘Non
503 1343 589 1390 tibi,
614 1355 706 1380 care
737 1349 868 1393 pater,
899 1339 1022 1379 debet
1051 1339 1159 1379 istud
1192 1340 1298 1379 fama
1322 1340 1465 1391 videri,

363 1415 443 1455 Sed
475 1414 599 1465 magis
631 1415 671 1452 in
703 1413 836 1453 cordis
868 1421 1023 1453 secreto
1052 1415 1142 1462 jure
1171 1411 1361 1462 recondi,

222 1424 244 1456 αἱ

251 1422 283 1456 §Ji

283 1422 300 1455 ,γε

359 1488 414 1527 [ft
447 1487 604 1527 domini
648 1499 792 1524 noscas
834 1500 939 1538 quae
969 1486 1019 1524 sit
1052 1484 1100 1523 de
1133 1484 1256 1524 corde
1285 1487 1492 1526 voluntas.

359 1558 564 1598 Ecclesiae
592 1557 736 1597 doctor
767 1556 864 1610 qnid
900 1556 1052 1596 dixerit
1076 1571 1127 1595 an
1159 1556 1429 1597 meministi?’
1475 1608 1484 1617 .

809 1629 978 1682 pardus.

369 1703 531 1743 ‘Nescio
565 1701 599 1740 si
629 1701 734 1752 legi,
766 1702 909 1754 profer
941 1715 1046 1754 quae
1085 1699 1233 1741 dixerit
1262 1701 1374 1754 ipse.'

773 1774 1025 1826 philomena.

363 1846 568 1898 ‘CorpuS‚
602 1846 713 1898 quod
757 1848 899 1885 mortis
931 1846 1030 1885 vitio
1065 1845 1373 1898 corrumpitur,
1403 1848 1551 1903 inquit,

226 1923 306 1958 860
364 1918 545 1955 Vitalem
575 1917 717 1956 flatum
752 1932 801 1957 ne
832 1918 962 1969 possit
991 1931 1157 1956 cernere
1188 1917 1324 1957 virum

365 1991 591 2040 Aggravat,
641 1998 680 2028 et
718 1990 848 2029 coecis
879 1989 1083 2040 immergit
1123 2003 1243 2041 saepe
1275 1992 1468 2032 tenebris.

365 2064 487 2101 Istius
519 2063 632 2102 exilii
668 2063 788 2101 fleres
822 2062 856 2101 si
888 2063 994 2101 forte
1024 2062 1228 2111 tenebras,

368 2136 415 2173 In
449 2148 531 2186 quo
563 2148 639 2186 pro
673 2135 798 2186 primi
826 2133 1079 2173 lacrimando
1110 2122 1278 2174 crimine
1310 2136 1431 2188 plasti

369 2208 602 2257 Degemns,
635 2220 791 2245 mecum
823 2207 1017 2255 sentires,
1049 2205 1145 2245 dum
1181 2205 1303 2245 modo
1333 2206 1532 2247 mundum

230 2284 309 2319 865
368 2277 537 2329 Expleri
571 2291 768 2329 cuperes,
815 2287 1066 2329 aeternaque
1095 2276 1360 2325 desiderares,

368 2347 426 2387 Ut
452 2348 553 2386 felix
583 2348 759 2399 patriam
792 2347 955 2386 Christo
988 2348 1157 2386 ductore
1186 2347 1356 2387 redires.

366 2419 448 2460 Sed
477 2434 591 2471 mage
622 2419 735 2473 quod
764 2419 914 2469 doleo,
945 2420 1188 2459 coelestibus
1219 2421 1335 2459 obice
1366 2418 1456 2460 (ΠΡΟ

371 2490 559 2545 Opponis
591 2500 737 2541 temet,
770 2506 844 2532 nec
873 2491 1033 2544 perdita
1079 2490 1227 2543 gaudia
1256 2490 1405 2530 desses.’

324 2651 404 2682 851.
430 2649 512 2681 853.
538 2649 618 2681 854.
646 2649 715 2680 859
742 2647 796 2680 die
820 2657 938 2680 namen
964 2647 1142 2689 zugefiigt.
