1721 2938
265 220 361 261 169.

260 513 354 548 170.

264 800 358 837 171.

262 1381 355 1417 173.

269 1664 363 1703 174.

264 1953 358 1988 175.

264 2242 356 2278 176.

270 2527 360 2563 177.

645 64 954 108 UNIBOS.

423 220 527 259 Cum
567 227 696 259 tonna
729 231 792 256 me
833 217 1056 270 dimergile,

418 291 482 332 Ad
520 292 715 344 abyssum
745 290 1030 341 transmittite3

417 363 505 402 Hac
535 370 621 401 arte
651 375 717 400 me
764 361 1019 401 confundite.

415 434 482 474 Sic
512 448 677 486 peream
708 447 772 472 me
810 433 970 483 judice.’

412 506 518 547 ‘Fiat
547 506 655 556 tibi‚’
693 514 778 546 tres
808 505 1019 560 inquiunt,

418 580 510 619 Hoc
541 586 697 618 mentes
732 586 898 618 nostrae
942 577 1125 630 cupiunt,

418 651 475 692 Ut
516 651 588 690 tali
623 658 756 691 morte
787 664 943 703 pereae,

419 726 454 763 A
484 723 604 763 nobis
634 731 678 761 ut
720 722 776 760 sic
807 723 955 762 exeas?

416 795 598 836 Nectum
627 793 728 833 loris
764 793 986 834 unibovem

417 869 464 908 In
495 876 606 907 terra
635 866 930 915 detestabilem,

418 940 500 989 Qui
530 948 746 992 postquam
776 946 906 978 tonna
945 936 1147 977 clauditur

412 1015 458 1053 ln
493 1013 584 1064 ripa
616 1011 738 1050 maris
769 1011 939 1050 sistitur.

348 1115 357 1127 .
417 1086 591 1125 Clausus
624 1084 679 1124 sic
710 1085 818 1122 fatur
850 1083 1011 1131 unibos,

418 1158 550 1209 Magis
582 1155 778 1197 seducens
809 1163 890 1195 tres
920 1155 1054 1196 viros:

418 1228 644 1269 ‘Confiteor
672 1229 738 1268 hic
768 1225 905 1276 hodie,

418 1303 618 1342 Reclusus
647 1313 736 1339 sum
772 1298 1006 1348 justissime.

412 1378 459 1416 In
495 1388 623 1426 agone
652 1371 793 1422 judicii

413 1448 479 1487 Sic
508 1447 754 1487 constitutus
785 1443 931 1492 ultimi,

419 1521 596 1571 Propter
626 1517 733 1556 diem
763 1515 1032 1556 novissimum

418 1592 628 1642 Deponite
666 1600 776 1627 nunc
806 1585 961 1626 odium.

420 1662 550 1700 Miser
582 1671 727 1697 manus
765 1656 921 1707 erigere

422 1732 468 1770 In
502 1731 580 1769 hoc
611 1741 695 1767 non
722 1739 889 1778 possum
923 1738 1097 1771 carcere,

422 1802 540 1850 Heu,
570 1801 734 1839 lumbos
766 1806 919 1839 vexant
950 1796 1120 1836 brachia

420 1876 500 1913 Per
531 1871 745 1911 maledicta
780 1871 957 1910 vincula.

414 1946 583 1986 Pietatis
629 1944 791 1992 viatico,

421 2020 658 2071 Apothecae
687 2015 893 2069 spiraculo

420 2090 685 2131 Mendacium
717 2102 800 2128 non
832 2086 1015 2139 profero,

418 2163 638 2202 caritatem
671 2158 914 2214 pronuntio.

415 2237 485 2275 Bis
521 2236 610 2274 seni
647 2242 740 2273 sunt
785 2230 943 2270 denarii

420 2310 466 2348 In
499 2307 630 2347 fundo
660 2306 739 2345 mei
768 2303 906 2350 loculi,

420 2380 535 2430 Quos
565 2379 719 2427 bibite,
746 2374 929 2429 piissimi,

423 2450 485 2489 Ad
521 2452 722 2490 honorem
762 2446 910 2487 summi
948 2443 1036 2483 dei)

421 2522 668 2562 Caritalivus
700 2518 903 2572 presbiter

426 2594 593 2634 Fatetur
637 2589 933 2644 temporaliter:

1391 65 1475 107 375
