1721 2938
119 263 171 297 60

115 623 165 655 65

104 1779 156 1812 80

103 2141 154 2176 85

106 2500 158 2534 90

451 103 859 147 RUODLIEB
919 103 1131 159 fragml.
1386 106 1464 150 131

229 258 324 298 Non
358 258 497 298 minor
529 260 686 300 interea
717 267 858 299 natum
889 258 1040 311 premit
1068 260 1211 313 utique
1240 274 1350 312 cura,

229 331 361 384 Inque
393 331 458 370 via
489 345 628 371 secum
658 330 877 384 perpendit
906 331 1084 383 plurima
1113 346 1268 375 rerum.

227 402 449 441 Deservire
479 401 589 441 domi
621 400 733 453 quod
762 403 818 440 nit
848 403 953 442 valet
986 403 1255 444 emolumenti

228 474 280 513 Et
311 481 481 526 propter
510 471 637 511 saidas
664 472 741 511 sibi
775 475 923 513 multas
955 473 1137 528 undique
1167 484 1305 517 nactas

224 546 258 584 A
284 545 416 596 patria
447 542 555 583 dulci
588 543 697 597 quod
730 544 873 584 debuit
904 546 1078 585 exiliari.

225 616 371 656 Secum
401 615 616 665 volvebat,
658 630 700 656 se
732 616 863 657 sicubi
899 618 977 657 vile
1010 617 1186 668 clientet,

225 689 270 729 Si
308 690 475 728 fortuna
505 696 623 728 vetus
652 690 921 730 infestaretur
950 690 987 728 ei
1018 691 1123 742 plus,

223 763 322 802 Esse
354 763 591 801 novercales
623 775 766 802 omnes
799 761 900 802 inibi
933 762 1011 801 sibi
1042 763 1201 812 fratres,

223 834 318 873 Non
353 836 589 874 meliorasse
618 847 710 883 res,
741 834 810 874 sed
842 837 958 886 pejus
988 836 1206 886 reperisse.

222 906 369 946 Intimc
401 908 610 959 suspirans
636 915 753 958 rogat
784 907 937 946 obnixe
975 905 1200 957 dominum,
1233 908 1349 958 ssenS,

225 977 282 1018 Ut
313 992 396 1018 non
425 978 671 1020 deseruisset
700 993 764 1029 se,
797 980 951 1019 nolitve
983 980 1130 1032 perire,
1464 989 1521 1024 fol.
1544 991 1600 1023 ab.

223 1048 305 1089 Sed
336 1049 414 1089 sibi
444 1060 680 1102 succurrat,
712 1066 917 1092 aerumnas
948 1065 1032 1105 quo
1063 1059 1292 1104 superaret.

222 1178 415 1234 Intranti
443 1208 613 1246 regnum
648 1195 838 1235 moerenti
869 1194 924 1234 sic
960 1195 1138 1233 alienum

221 1271 410 1309 Venator
435 1269 541 1319 regis
569 1270 704 1308 subito
739 1277 836 1309 tunc
869 1269 911 1308 fit
944 1282 1079 1308 comes
1111 1272 1209 1320 ejus,

221 1343 344 1395 Isque
375 1343 524 1382 salutat
554 1354 647 1380 eum
676 1342 1007 1394 resalutaturque
1037 1356 1112 1394 per
1138 1341 1288 1394 ipsum.

224 1415 333 1453 Exul
367 1422 453 1453 erat
484 1413 603 1453 sortis
632 1415 827 1454 membris
860 1415 1045 1468 facieque
1074 1415 1204 1455 virilis

230 1488 428 1541 Voceque
458 1485 783 1540 grandiloquus,
812 1486 854 1526 in
885 1500 1085 1539 responso
1114 1488 1308 1528 seriosus.

220 1558 354 1607 Quem
375 1566 491 1610 rogat
521 1557 712 1611 indigena
739 1559 830 1613 quis
857 1566 895 1600 et
919 1557 1027 1598 unde
1053 1559 1117 1608 sit,
1149 1560 1209 1599 ire
1226 1560 1321 1599 velit
1347 1559 1458 1614 quo?

217 1629 311 1680 Quo
342 1631 420 1671 sibi
451 1643 534 1670 non
571 1629 703 1678 dicto,
744 1628 1095 1683 dedignanterque
1127 1631 1257 1680 sileto,

215 1704 439 1757 Inquisisse
462 1703 582 1756 piget,
613 1703 726 1742 velut
758 1709 817 1741 est
848 1715 927 1752 res,
961 1710 1184 1755 menteque*
1208 1711 1374 1743 tractat:
1403 1726 1457 1733 -

215 1775 286 1814 Est
317 1775 352 1813 si
380 1776 557 1826 legatus,
589 1774 725 1814 minor
755 1782 815 1814 est
849 1778 933 1825 ejus
963 1774 1192 1825 comitatus,

217 1847 330 1886 Dum
349 1847 461 1888 venit
477 1845 526 1886 ad
544 1855 724 1893 curtem3
745 1846 836 1902 quis
853 1861 1040 1897 munera,
1066 1847 1158 1900 quis
1173 1846 1275 1899 gerit
1289 1847 1456 1889 ensem?

215 1921 413 1972 Pauperis
440 1929 498 1960 est
528 1932 649 1972 posse
677 1933 796 1969 reor,
828 1927 897 1959 aut
930 1919 1092 1959 virtutis
1122 1921 1286 1972 opimae.
1314 1944 1369 1950 —-

218 1992 329 2031 Dum
360 1992 456 2032 satis
487 1991 681 2042 obticuit,
715 1991 881 2031 demum
909 1991 987 2031 sibi
1017 1990 1154 2031 denuo
1187 1990 1318 2031 dixit:

217 2064 325 2106 ‘Non
357 2064 572 2113 irascaris,
606 2062 655 2103 de
684 2077 749 2103 me
779 2063 812 2104 si
844 2065 935 2116 plus
966 2063 1167 2115 rogiteris,

214 2137 321 2177 Nam
351 2137 425 2178 tibi
452 2136 647 2190 prodesse
690 2136 809 2186 volo,
845 2136 878 2175 si
909 2148 1098 2188 possum,
1138 2150 1212 2175 nec
1241 2139 1399 2177 obesse.

213 2211 401 2250 Venator
429 2211 536 2262 regis
566 2210 643 2249 sibi
674 2223 791 2249 carus
826 2222 999 2262 sumque
1029 2207 1172 2257 fidelis,

212 2282 299 2322 Nec
327 2284 431 2322 solet
458 2279 600 2322 audire
631 2295 878 2335 quemquam
926 2279 1164 2320 clementius
1195 2293 1239 2319 ac
1266 2293 1342 2319 me.

215 2355 297 2395 Pro
328 2355 437 2395 faida
469 2353 616 2406 grandi
642 2353 816 2407 patriam
849 2353 880 2393 si
911 2352 1139 2403 deseruisti,

215 2426 290 2465 Vis
321 2435 360 2466 et
387 2427 429 2466 in
460 2428 537 2466 hac
568 2434 678 2466 terra
709 2426 810 2466 mihi
843 2439 916 2465 ceu
948 2426 1106 2465 tibimet
1135 2424 1353 2478 peregrina

219 2495 327 2544 Quid
365 2495 597 2546 deservire,
623 2510 847 2550 causasque
880 2505 971 2536 tuas
998 2509 1207 2548 superare,

215 2566 326 2605 Utile
357 2566 571 2607 consilium
604 2567 678 2605 tibi
707 2576 803 2606 tunc
835 2566 887 2606 do
917 2580 1002 2606 non
1031 2563 1306 2606 renuendum.

217 2637 346 2678 Usum
382 2634 560 2678 venandi
590 2649 671 2689 quo
702 2637 806 2676 bene
837 2636 871 2676 si
901 2635 1101 2675 didicisti.

1081 2714 1102 2748 9
1129 2710 1148 2731 *4
