1721 2938
557 150 1053 195 WALTHARIUS.
1125 188 1129 191 .
1422 153 1478 195 29

271 304 451 345 Saltibus
481 312 666 343 assuetus
696 305 844 343 faunus
874 302 976 342 mihi
1007 302 1161 356 quippe
1190 301 1367 343 videris.'

270 379 426 431 Illeque
457 378 618 416 sublato
650 375 761 415 dedit
796 377 895 414 haec
926 389 1124 427 responsa
1157 376 1356 416 cachinno

133 456 211 491 765
270 450 444 489 ‘Celtica
470 449 610 498 lingua
639 448 789 498 probat
820 454 858 485 te
891 460 942 484 ex
970 447 1040 485 illa
1071 454 1189 497 gente
1219 455 1420 498 creatum,

270 523 348 561 Cui
377 529 523 559 natura
554 517 664 557 dedit
693 518 874 570 reliquas
903 518 1085 558 ludendo
1115 519 1290 571 praeire.

269 595 345 640 At,
383 593 417 630 si
446 599 485 630 te
516 590 688 642 propius
718 589 950 628 venientem
985 590 1151 629 dextera
1181 599 1322 631 nostra

263 665 466 714 Attingat,
506 670 601 714 post
630 660 866 700 Saxonibus
895 674 1126 700 memorare
1157 663 1334 711 valebis,

266 737 326 775 Te
358 750 469 775 nunc
501 735 543 773 in
571 734 735 783 vosago
766 733 881 771 fauni
912 733 1112 771 fantasma
1142 731 1308 772 videre.’

127 813 207 848 770
266 807 542 859 ‘Attemptabo
560 804 746 858 quidem,
775 805 873 857 quid
898 805 970 844 sis’
999 804 1179 845 Ekevrid
1203 805 1278 853 ait,
1307 819 1358 844 ex
1381 821 1478 847 mox

265 880 478 919 Ferratam
507 891 680 917 cornum
710 877 888 928 graviter
919 878 1025 926 jacit.
1082 876 1151 916 illa
1182 885 1340 918 retorto

264 953 419 992 Emicat
452 960 637 1002 amento,
679 965 802 1005 quam
833 950 961 991 durus
990 951 1167 1002 fregerat
1196 952 1337 990 umbo.

266 1026 527 1065 Waltharius
560 1033 703 1064 contra
734 1022 949 1076 respondit
980 1022 1146 1075 cuspide
1178 1024 1301 1062 missa

263 1097 397 1135 ‘Haec
427 1097 503 1135 tibi
535 1096 717 1135 siluanus
747 1096 976 1147 transponit
1007 1109 1177 1134 munera
1207 1096 1370 1134 faunus.

126 1171 204 1207 775
264 1168 434 1219 Aspice,
474 1181 574 1206 num
601 1180 715 1217 mage
745 1167 794 1205 sit
823 1167 950 1205 telum
979 1167 1234 1218 penetrabile
1264 1171 1478 1208 nostrum.'

260 1240 423 1279 Lancea
452 1239 619 1278 taurino
652 1246 890 1277 contextum
922 1246 1084 1287 tergore
1118 1238 1276 1288 lignum

264 1311 448 1360 Diffidit‚
491 1325 535 1349 ac
565 1311 746 1349 tunicam
779 1309 966 1349 scindens
997 1310 1195 1360 pulmone
1225 1307 1392 1348 resedit.

260 1383 459 1422 Volvitur
487 1383 633 1421 infelix
663 1380 866 1430 Ekevrid,
905 1381 1125 1432 rivumque
1157 1379 1316 1418 cruoris

263 1453 449 1501 Evomit‚
490 1466 541 1490 en
572 1460 746 1491 mortem
779 1451 938 1502 fugiens
972 1451 1146 1489 incurrit
1177 1449 1364 1488 eandem.

123 1530 204 1564 780
264 1523 390 1573 Cujus
413 1537 564 1576 equum
593 1525 753 1573 juvenis
781 1531 873 1574 post
895 1531 1052 1573 tergum
1075 1522 1116 1560 in
1138 1535 1306 1571 gramen
1330 1521 1475 1573 abegit.

261 1597 377 1635 Tunc
409 1610 431 1634 a
461 1595 694 1635 Gunthario
727 1595 902 1647 clipeum
936 1594 1015 1634 sibi
1044 1594 1225 1646 postulat
1254 1593 1391 1646 ipsum

261 1667 439 1716 Quintus
469 1669 519 1706 ab
553 1668 696 1706 inssato
729 1666 1008 1706 Hadawartus
1038 1673 1205 1717 pectore
1234 1668 1363 1706 lusus.

259 1739 341 1789 Qui
369 1752 546 1791 pergens
574 1740 734 1777 hastam
764 1738 884 1777 sociis
915 1736 1067 1776 dimisit
1096 1736 1350 1787 habendam,

262 1811 411 1851 Audax
442 1812 485 1850 in
517 1813 651 1850 solum
682 1810 857 1851 confisus
892 1810 1069 1849 inaniter
1099 1823 1252 1849 ensem.

122 1890 200 1926 785
257 1886 309 1925 Et
340 1884 436 1924 dum
469 1883 722 1936 conspiceret
751 1881 907 1932 dejecta
937 1880 1135 1921 cadavera
1164 1889 1291 1920 totam

263 1957 522 1997 Conclusisse
551 1958 681 2003 viam,
720 1969 795 1994 nec
827 1968 979 2007 equum
1009 1952 1184 1992 transire
1214 1953 1374 2000 valere,

263 2029 469 2069 Desiliens
501 2035 618 2079 parat
646 2027 707 2065 ire
741 2024 877 2077 pedes.
947 2026 1055 2064 stetit
1084 2038 1175 2064 acer
1204 2023 1246 2062 in
1279 2022 1402 2061 armis

260 2101 535 2148 W'altharius,
562 2096 786 2150 laudatque
807 2096 963 2145 virum,
992 2096 1064 2148 qui
1085 2095 1276 2148 praebuit
1298 2097 1472 2147 aequam

262 2169 479 2223 Pugnandi
506 2178 673 2210 sortem.
729 2166 1008 2207 Hadawartus
1036 2165 1139 2206 dixit
1170 2165 1221 2205 ad
1250 2166 1366 2204 illum

123 2250 202 2286 790
259 2244 318 2286 ‘O
349 2253 512 2286 versute
542 2244 670 2292 dolis,
711 2250 750 2281 et
781 2240 936 2280 fraudis
967 2241 1127 2279 conscie
1157 2236 1351 2291 serpens!

259 2315 476 2358 occultare
506 2325 616 2357 artus
647 2326 868 2368 squamoso
897 2311 1072 2363 tegmine
1101 2319 1265 2360 suetus,

213 2441 283 2471 766
316 2438 466 2480 reliquos
500 2438 538 2471 C.
565 2436 607 2472 Ε.
689 2439 759 2469 770
792 2431 967 2467 attentabo
999 2432 1040 2465 C.
1123 2432 1194 2464 772
1225 2432 1396 2463 ammento
1431 2428 1469 2462 A.

120 2500 190 2532 773
225 2488 368 2531 fidenter
397 2499 537 2541 protulit
570 2497 635 2530 ista
659 2498 700 2530 Α.
781 2496 851 2528 774
885 2492 1098 2536 transpondit
1125 2494 1164 2525 A.
1184 2491 1224 2525 c,
1306 2493 1376 2523 782
1407 2489 1468 2523 ha-

121 2558 305 2592 deunartus
330 2558 372 2592 Α.
410 2556 630 2591 hadawardus
655 2557 699 2589 B.
781 2557 850 2588 785
877 2555 935 2596 qui
962 2554 1001 2587 C.
1080 2555 1148 2584 787
1182 2551 1248 2583 alle
1276 2549 1342 2584 hss.
1368 2552 1468 2585 dissi-

122 2620 218 2652 liens.
291 2621 361 2651 787
388 2618 472 2661 petit
497 2619 537 2651 Α.
556 2617 597 2651 C.
663 2619 733 2649 788
755 2625 901 2658 aequum
927 2614 968 2648 C.
1037 2615 1106 2645 789
1133 2609 1304 2644 hadawart
1329 2615 1399 2644 tum
1425 2611 1467 2643 Β.

121 2679 348 2714 hadawartum
371 2678 414 2713 Ε.
486 2680 557 2710 790
580 2688 620 2710 ac
646 2677 687 2711 B.
760 2678 824 2724 791
860 2677 970 2706 astum
998 2673 1036 2705 A.
1074 2674 1180 2704 artem
1205 2670 1245 2704 C.
