1721 2938
223 102 306 145 136

227 259 279 291 80

224 618 275 653 85

223 980 275 1013 90

65 1280 123 1314 fol.
147 1280 192 1313 6b

220 1706 300 1741 100

218 2067 296 2103 105

553 102 593 143 R
610 101 646 144 U
665 101 704 143 Ο
722 100 760 142 D
781 101 814 142 t,
831 101 848 142 1
868 100 903 141 Ε
921 100 958 141 Β
1021 101 1170 156 fragm.
1200 99 1253 141 Π.

340 251 512 298 ‘Dic-ite,
542 250 722 289 rumoris
756 263 864 288 nunc
896 248 993 302 quid
1025 250 1145 289 nobis
1175 251 1361 291 reseratis
1381 250 1410 290 ’ζ’

336 321 567 374 Respondit
597 323 771 362 missus:
806 323 916 375 ‘quia
944 323 1121 361 clemens
1153 331 1211 361 est
1257 323 1328 361 tibi
1362 323 1572 374 Cln·istus;

338 395 458 443 Quod
491 409 605 446 reges
637 396 705 434 alii
738 396 816 434 nisi
846 394 988 447 grandi
1011 410 1095 435 non
1126 404 1324 447 superant
1355 396 1410 445 vi,

336 469 420 507 Dat
453 467 552 507 deus
584 468 624 507 id
658 477 802 520 sponte
835 469 909 508 tibi
941 470 1118 508 clemens
1149 469 1306 521 absque
1334 469 1492 518 labore,

334 540 440 579 Nam
473 553 548 592 per
584 541 772 591 contigua
805 541 900 589 tibi,
945 555 1050 594 quae
1085 551 1180 581 sunt
1212 541 1419 595 undique,
1448 556 1574 594 regna

337 612 528 652 Crederis
560 627 646 652 esse
677 615 741 652 leo
773 613 956 663 vigilanti
988 627 1151 666 semper
1183 617 1326 663 ocello,

338 685 447 735 Quin
481 687 686 737 agnellina
716 686 867 737 pietate
897 696 1049 739 tuaque
1079 687 1226 739 sophia

334 760 399 799 Tu
429 759 556 800 vincis
589 759 757 807 melius,
793 757 951 810 gladius
983 773 1106 811 quam
1139 759 1277 799 vincat
1308 759 1423 800 alius,

334 833 525 886 Namque
553 832 630 871 deo
665 840 785 880 teste,
829 846 911 883 qno
944 832 1135 870 mittebar
1171 830 1294 871 modo
1327 831 1376 870 de
1408 841 1458 881 te,

334 903 508 953 Nescio,
538 905 631 954 plns
663 903 713 940 ab
746 902 801 940 cis
834 901 1051 950 admneris,
1082 916 1153 940 seu
1186 903 1379 942 verearis.

337 975 442 1014 Cum
472 989 546 1013 rex
579 975 779 1025 audisset,
812 989 971 1015 summa
1004 984 1088 1015 tum
1121 991 1221 1028 grex
1251 985 1291 1016 et
1324 976 1495 1028 adesset,

335 1047 452 1096 Quae
486 1048 740 1087 demandasti
773 1049 850 1087 sibi
881 1050 945 1089 vel
977 1049 1089 1101 plebi
1117 1050 1239 1088 simul
1275 1051 1400 1099 omni,

333 1121 473 1161 Primo
505 1122 735 1166 servimen,
769 1116 859 1173 post
893 1123 961 1162 fidi
994 1121 1127 1161 cordis
1158 1137 1354 1172 amorem,

333 1193 506 1233 Sublata
538 1193 686 1247 cydare
717 1208 888 1245 surgens
921 1196 1088 1235 inclinat
1118 1197 1304 1235 honeste.

333 1269 452 1308 Tunc
482 1268 668 1308 residens
698 1270 844 1319 tacuit,
876 1269 1006 1310 donec
1035 1284 1121 1308 rem
1153 1270 1330 1322 pleniter
1363 1270 1489 1320 audit,

330 1340 543 1391 Quantum
575 1351 777 1384 nostrates
810 1342 1174 1396 disceptabantque
1203 1352 1351 1392 sumes,

329 1414 466 1466 Atque
497 1413 560 1454 sui
591 1422 754 1453 nostros
787 1414 1046 1453 offendentes
1077 1415 1272 1466 inopinos

329 1484 546 1535 Occidunt,
575 1487 776 1540 spoliant,
811 1486 1119 1539 captivatosque
1147 1488 1405 1537 cretnabant3

331 1555 520 1606 Qualiter
555 1567 592 1597 et
621 1560 753 1598 nostri
784 1567 879 1598 sunt
916 1559 1082 1598 illorum
1116 1557 1329 1608 dominati,

331 1630 526 1681 Captivos
555 1629 792 1679 redimunt,
835 1632 1170 1687 captivantesque
1200 1632 1404 1682 ligabant3

332 1700 447 1749 Quos
478 1703 553 1742 tibi
582 1717 673 1743 cum
703 1704 912 1753 referunt,
954 1703 1161 1755 perituros
1204 1716 1330 1754 seque
1365 1710 1570 1755 putarent,

330 1774 464 1822 Quam
497 1777 721 1815 clementer
749 1776 805 1815 eis
836 1775 1056 1815 adimendo
1087 1785 1240 1816 metum
1277 1776 1495 1827 misereris,

328 1848 427 1887 Illos
458 1849 689 1896 absolvens,
721 1850 938 1888 consolans
969 1857 1008 1887 et
1037 1850 1142 1887 bene
1172 1857 1362 1896 tractans,

326 1920 596 1967 Praesulibus‚
627 1919 824 1969 ducibus,
856 1920 1132 1972 locupletibus
1176 1948 1514 1960 .......

329 1980 446 2043 Ipsos
488 1991 737 2044 servandum
777 1992 958 2042 dederis,
996 1994 1061 2032 vel
1091 2005 1220 2046 equos
1252 1991 1301 2031 ad
1332 1991 1541 2037 alendum,

328 2064 425 2103 Non
454 2074 497 2104 ut
529 2074 625 2105 sunt
654 2065 810 2115 meriti,
852 2066 928 2104 sub
962 2079 1123 2105 carcere
1157 2064 1365 2116 compedis
1397 2072 1466 2104 aut
1488 2065 1541 2113 vi,

328 2136 415 2175 Nec
448 2145 621 2176 tractent
654 2138 759 2187 illos,
792 2136 933 2177 deceat
963 2137 1092 2191 quarn'
1118 2138 1225 2189 regis
1256 2138 1421 2187 amicos,

325 2210 404 2256 Ut,
451 2208 815 2259 dumreddantur,
852 2224 977 2262 snper
1013 2212 1076 2250 his
1113 2225 1164 2250 ne
1191 2212 1298 2250 sorte
1327 2219 1569 2263 querantur.

329 2279 438 2328 Quin
460 2282 594 2333 ipsum
626 2282 815 2320 comitem
840 2282 971 2319 scelus
996 2282 1074 2320 hoc
1107 2281 1284 2319 immane
1307 2288 1537 2332 patrantem

326 2353 443 2392 Nulli
471 2353 682 2402 conmisit,
717 2366 842 2404 super
875 2354 985 2391 hune
1017 2353 1122 2392 nulli
1155 2354 1258 2392 bene
1288 2352 1397 2402 fidit3

316 2480 384 2510 103
425 2478 479 2510 die
507 2478 635 2510 letzten
669 2481 774 2510 worte
799 2476 1006 2517 annaffiert,
1044 2476 1105 2510 der
1130 2475 1213 2509 vers.
1240 2476 1352 2508 wollte
1379 2478 1481 2507 etwas
1507 2485 1568 2507 an-

214 2536 313 2567 deres
338 2539 469 2568 setzen¹

310 2599 485 2629 109-112
510 2596 690 2636 commisit,
714 2596 797 2637 fidit,
824 2596 939 2637 servit,
966 2599 1080 2640 portat
1105 2593 1284 2630 anacoluth
1311 2594 1364 2628 fiir
1389 2594 1567 2628 commise-

214 2655 279 2691 ris.
306 2654 441 2696 fidet-is,
465 2654 644 2695 servieris,
670 2654 870 2700 portaveris.
