1721 2938
253 268 347 303 119.

250 557 338 590 120.

250 843 341 879 121.

627 110 929 153 UNIBOS.

407 261 617 302 calliditas
648 265 854 311 unibovis,

404 338 530 375 Plena
562 336 699 374 multis
729 335 915 385 ingeniis,

406 408 625 459 Superavit
665 407 897 455 jactantiam

408 479 554 517 Trium
589 479 776 519 virorum
819 475 1033 516 fervidam.

399 550 463 589 Ad
493 565 589 590 suos
621 552 748 589 currit
777 551 939 597 umbos,

408 621 627 670 Quondam
659 635 842 673 pauper,
882 620 1086 665 denarios,

406 694 586 732 Massam
620 692 669 731 de
701 693 879 731 nummis
912 692 1070 743 accipit,

408 768 596 805 Armatos
627 766 765 804 hostes
796 764 961 815 decipit.

400 838 559 890 Equam
591 838 713 876 trahit
746 835 795 875 de
826 836 1003 884 stabulo,

409 910 592 949 Caudam
625 911 730 949 levat
760 909 853 959 plus
885 908 1019 956 solito,

409 985 456 1022 In
491 991 658 1021 naturae
692 981 892 1020 foramine

408 1055 612 1094 Nummos
650 1061 776 1091 certat
806 1053 1064 1102 immergere.

402 1129 448 1167 In
481 1126 616 1165 medio
650 1125 813 1175 tugurio

408 1201 551 1252 Equae
588 1200 792 1238 somnamr
821 1195 954 1242 statio,

407 1271 636 1324 Mox[que]
668 1274 853 1320 jumento
886 1264 1107 1307 candidum

409 1343 619 1396 Expaudit
651 1356 780 1381 unum
813 1341 1000 1380 linteum.

401 1418 448 1455 In
481 1417 640 1456 foribus
673 1413 827 1465 tugurii

410 1487 573 1527 Adsunt
605 1495 687 1525 tres
719 1484 957 1532 adversarii,

410 1560 522 1598 Dum
556 1559 767 1597 minantur
798 1557 1023 1594 unibovem

415 1632 590 1670 Causam
620 1629 762 1669 vident
794 1627 1036 1665 mirabilem.

406 1704 509 1741 Tres
540 1710 646 1740 stant
677 1702 717 1738 in
751 1699 897 1738 domus
927 1697 1069 1736 limine

410 1777 608 1814 Volemes
639 1772 869 1811 interficere

406 1847 666 1894 Uuibovem,
706 1842 776 1882 sed
812 1855 895 1881 non
928 1841 1076 1887 valent,

412 1919 476 1956 De
509 1931 619 1957 novo
656 1917 762 1955 sacto
794 1914 892 1953 dum
923 1918 1104 1962 stupent.

405 1991 683 2032 Observanles
725 1985 907 2025 officium

410 2061 615 2102 Unibovis
647 2065 899 2109 argenteum,

414 2134 496 2183 Qui
530 2141 659 2172 costas
704 2143 834 2182 equae
870 2127 967 2166 dum
999 2125 1131 2173 fricat,

412 2208 582 2244 Parkum
619 2213 884 2241 nummorum
920 2203 1132 2250 provocat.

410 2280 673 2318 Exclamant:
716 2271 830 2324 ‘quid
861 2279 939 2317 est,
972 2265 1150 2308 unibos'?

411 2349 533 2399 Quod
563 2352 792 2397 jumentum
832 2341 1037 2381 denariOs.

415 2421 568 2470 Aperte
599 2417 672 2455 tibi
707 2413 880 2465 parturit

416 2491 565 2528 Miram
599 2499 762 2525 causam
792 2483 911 2523 nobis
942 2480 1072 2532 parit?

408 2559 548 2599 Caude
579 2554 801 2607 respondet
833 2554 1007 2591 unibos:

415 2630 587 2669 ‘Videtis
618 2630 693 2666 hos
739 2621 964 2663 denarios?

1377 111 1461 153 369
