1721 2938
250 127 336 169 362
787 124 1084 168 UNIBOS.

423 285 490 318 62.
550 280 700 317 Decem
739 293 1001 318 nummorum
1036 279 1190 319 corium

548 350 612 389 Ad
643 364 832 401 magnum
871 352 1008 390 levant
1041 354 1244 403 pretium:

542 422 677 462 Nudis
709 423 858 474 plantis
889 423 1064 463 incedite

541 494 676 542 Hujus
706 494 842 533 coloni
874 493 1080 546 patriae!'

417 573 484 606 63.
544 567 728 605 Alternat
760 580 811 604 ex
842 567 1076 617 obprobriis

540 639 727 691 Utraque
758 652 853 690 pars
884 640 961 677 sub
991 639 1144 689 jurgiis,

541 709 739 749 Sutorum
774 711 1033 762 congregatio

540 782 650 821 lrato
684 782 829 821 crescit
859 783 1012 822 animo.

416 859 482 895 64,
541 855 766 893 Ducuntur
796 869 819 892 a
849 856 1076 902 lictoribus,

543 928 866 964 Praesentantur
895 926 1113 974 judicibus,

539 996 795 1036 Venduntur
824 998 1098 1047 exactoribus,

543 1069 840 1121 Corripiuntur
873 1071 1043 1120 legibus.

415 1148 482 1182 65.
541 1141 736 1181 Reddunt
770 1156 843 1194 per
874 1142 1153 1182 vadimonium

539 1214 867 1253 Conventionem
902 1224 1126 1265 tergorum,

541 1285 673 1334 Quam
707 1295 937 1338 posuerunt
967 1289 1008 1326 in
1042 1288 1133 1326 soro

538 1359 742 1398 Unibovis
773 1358 957 1397 consilio.

412 1436 478 1469 66.
539 1431 783 1470 Persolvunt
814 1431 912 1481 legis
946 1430 1095 1477 debita,

537 1504 818 1542 Revertuntur
846 1503 895 1542 ad
929 1504 1108 1555 propria,

537 1576 758 1614 Exhaustis
791 1577 832 1613 in
867 1574 1114 1626 marsuppiis

539 1646 690 1687 Otiosis
726 1647 768 1685 in
800 1648 1027 1686 curriculis.

409 1726 474 1759 67.
536 1718 746 1765 Denudati
776 1720 964 1771 pecunia,

535 1792 694 1830 Armati
728 1800 808 1831 tres
840 1792 1053 1839 moestitia,

537 1861 752 1901 Conantur
781 1862 1007 1901 interficere

533 1933 769 1974 Uniboveni
802 1935 983 1976 meridie.

410 2013 477 2046 68.
537 2009 649 2046 Infra
680 2007 782 2046 coeli
811 2009 987 2047 tentoria

534 2080 631 2119 Nou
663 2088 759 2119 sunt
791 2079 928 2119 audita
961 2082 1067 2130 talia,

533 2151 650 2201 Quae
679 2154 930 2204 perpetravit
962 2153 1124 2203 unibos,

533 2224 589 2262 Ut
619 2224 778 2263 sedaret
814 2225 1086 2265 stultissimos,

410 2299 475 2333 69.
536 2296 740 2335 Versutus
773 2298 885 2334 mites
916 2296 1105 2343 reddidit,

534 2365 589 2404 Ut
620 2376 699 2406 tres
731 2368 855 2406 iratos
885 2368 1063 2418 respicit,

530 2439 735 2478 Insaniam
770 2440 998 2491 prudentia.

531 2510 796 2564 Respondent
831 2528 904 2564 per
934 2514 1125 2552 ludibria,

237 2588 578 2612 g*——

330 2656 386 2694 (39,
411 2657 432 2687 3
483 2657 622 2694 insania.
846 2666 901 2702 70,
928 2664 949 2695 4
998 2665 1136 2697 tinctam
