1721 2938
207 136 234 176 4
632 129 1130 174 WAL'PHARIUS.

267 265 446 325 Nobilis
480 285 558 323 hoc
591 284 762 333 Hagano
795 282 927 323 iuerat
958 286 1035 323 sub
1067 292 1250 334 tempore
1283 292 1398 336 tyro,

325 357 479 396 Indolis
512 355 717 405 egregiae,
755 355 926 395 veniens
958 355 1006 395 de
1037 357 1218 407 germine
1247 355 1422 407 Trojae3

325 429 470 476 Hunc,
501 426 598 479 quia
621 426 876 466 Guntharius
902 426 1085 467 nondum
1110 426 1299 479 pervenit
1326 426 1376 466 ad
1406 442 1572 479 aevum,

217 505 268 539 30
327 498 384 537 Ut
413 497 500 536 sine
533 504 663 535 matre
695 505 819 549 queat
847 497 971 537 vitam
1003 498 1180 537 retinere
1212 498 1423 548 tenellam,

329 568 430 606 Cum
462 582 562 619 gaza
591 568 747 619 ingenti
778 568 1004 608 decernunt
1036 570 1196 608 mittere
1226 570 1325 620 regi.

324 639 413 678 Nec
445 653 585 689 mora3
626 640 749 691 legati
780 655 945 680 censum
977 644 1252 693 juvenemque
1284 642 1462 679 ferentes

324 712 589 762 Deveniunt,
629 726 857 766 pacemque
889 722 1035 764 rogant
1068 729 1112 754 ac
1144 713 1311 753 foedera
1343 712 1520 751 firmant.

275 765 535 838 Tempore,
577 800 660 839 quo
696 787 841 827 validis
873 797 1038 828 steterat
1065 787 1305 844 Burgutrdia
1336 787 1527 838 sceptris,

218 864 270 899 35
332 859 458 909 Cujus
493 859 714 912 primatum
746 860 943 899 Herricus
974 862 1081 900 sorte
1113 863 1298 912 gerebat,

326 931 433 972 Filia
462 933 557 971 huic
590 940 750 970 tantum
783 932 858 971 fuit
893 933 1013 971 unica
1045 934 1211 972 nomine
1240 934 1450 983 Hiltgunt,

328 1003 554 1043 Nobilitate
586 1004 753 1056 quidem
785 1005 945 1056 pollens
977 1020 1021 1044 ac
1052 1013 1261 1044 stemmate
1291 1006 1461 1045 formae.

329 1076 487 1115 Debuit
517 1079 618 1116 haec
652 1077 774 1114 heres
806 1078 900 1114 aula
929 1076 1109 1115 residere
1139 1085 1332 1129 paterna,

327 1147 463 1200 Atque
494 1146 564 1186 diu
594 1155 783 1198 congesta
813 1147 920 1196 frui,
961 1148 995 1186 si
1027 1148 1129 1187 sorte
1160 1149 1316 1187 liceret.

218 1222 272 1260 40
285 1200 470 1274 Jamque
501 1222 659 1261 Avares
688 1222 806 1261 firma
836 1236 925 1261 cum
957 1221 1126 1261 Francis
1160 1237 1259 1274 pace
1287 1230 1453 1275 peracta

332 1291 600 1345 Suspendunt
628 1307 651 1331 a
679 1292 761 1332 fine
792 1293 959 1346 quidem
987 1294 1166 1345 regionis
1198 1309 1358 1334 eorum.

330 1366 454 1403 Attila
486 1363 556 1403 sed
587 1366 737 1403 celeres
771 1377 873 1403 mox
905 1366 985 1404 huc
1017 1365 1194 1405 deflectit
1222 1368 1427 1417 habenas,

331 1437 418 1475 Nec
447 1434 613 1474 tardant
642 1436 794 1489 reliqui
825 1444 1009 1489 satrapae
1038 1437 1206 1488 vestigia
1237 1438 1364 1477 adire.

330 1509 450 1548 Ibant
479 1509 643 1561 aequati
672 1521 870 1558 numero,
912 1508 982 1548 sed
1014 1517 1053 1548 et
1083 1509 1242 1560 agmine
1275 1511 1426 1560 longo3

221 1582 272 1620 45
334 1579 662 1633 Quadrupedum
694 1593 816 1618 cursu
848 1581 969 1620 tellus
1000 1595 1197 1621 concussa
1227 1583 1436 1633 gemebat,

332 1650 552 1691 Scutorum
584 1652 721 1691 sonitu
751 1650 924 1704 pavidus
952 1655 1240 1705 superintonat
1270 1655 1424 1693 aether.

331 1724 485 1763 Ferrea
515 1724 618 1764 silva
645 1723 764 1762 micat
795 1732 904 1765 totos
935 1725 1144 1766 rutilando
1177 1739 1252 1777 per
1281 1738 1424 1777 agros;

332 1794 457 1833 Haud
490 1796 628 1844 aliter,
667 1797 802 1849 primo
834 1811 957 1849 quam
989 1799 1156 1850 pulsans
1187 1811 1368 1851 aequora
1398 1811 1517 1836 mane

330 1867 506 1906 Pulcher
534 1867 576 1906 in
608 1869 801 1907 extremis
832 1870 982 1908 renitet
1009 1871 1070 1909 sol
1098 1871 1287 1922 partibus
1318 1870 1444 1909 orbis.

218 1944 271 1978 50
329 1939 501 1993 Jamque
517 1940 679 1978 Ararim
696 1939 999 1994 Rodanumque
1026 1956 1165 1982 amnes
1188 1943 1435 1982 transiverat
1457 1942 1573 1992 altos,

334 2014 466 2064 Atque
500 2011 551 2050 acl
585 2011 866 2063 praedandum
904 2027 1059 2053 cuneus
1090 2014 1338 2067 dispergitur
1371 2014 1517 2057 omnis.

273 2064 414 2124 Florte
448 2085 672 2125 Cavillonis
704 2086 808 2126 sedit
837 2087 1056 2137 Herrieus,
1087 2098 1134 2129 -et
1164 2103 1255 2128 ecce

330 2157 532 2196 Attollens
563 2157 704 2196 oculos
735 2158 968 2209 speculator
997 2160 1249 2199 vociferatur

329 2226 565 2276 ‘Quaenam
597 2226 803 2268 condenso
837 2229 1045 2280 consurgit
1078 2231 1248 2282 pulvere
1282 2230 1442 2270 nubes?

217 2302 269 2337 55
326 2297 401 2336 Vis
430 2298 595 2338 inimica
625 2301 758 2349 venit,
798 2308 939 2351 portas
972 2304 1050 2350 jam
1083 2301 1257 2341 claudite
1288 2304 1475 2341 cunctas.7

327 2367 417 2406 Jam
449 2377 535 2408 tum
566 2368 665 2421 quid
695 2369 845 2409 Franci
875 2371 1063 2412 fecissent
1094 2374 1181 2426 ipse
1213 2373 1363 2413 sciebat

285 2486 331 2515 30
356 2485 523 2517 nouellam
550 2484 576 2518 Ι.
635 2488 766 2520 34-39
794 2486 848 2520 hat
876 2488 888 2520 1
916 2487 998 2520 nach
1024 2492 1081 2521 51.
1144 2491 1190 2523 35
1216 2487 1379 2522 heriricus
1409 2489 1449 2524 13.
1486 2489 1568 2524 hen-

214 2543 304 2576 ricus
328 2545 356 2579 Ι.
437 2548 483 2578 36
511 2544 670 2580 hitdcund
698 2548 737 2582 Β.
811 2551 854 2581 37
884 2548 1011 2581 formae
1037 2548 1077 2581 C.
1159 2550 1205 2581 40
1230 2559 1374 2591 namque
1405 2549 1444 2583 Β.
1522 2552 1569 2583 42

213 2603 294 2641 illuc
322 2604 426 2637 flectit
451 2605 490 2640 C.
575 2609 620 2640 44
646 2608 778 2650 aequali
806 2608 845 2641 C.
927 2610 975 2641 52
1003 2609 1177 2643 cabillonis
1211 2610 1300 2643 sedit
1336 2609 1498 2643 heriricus
1527 2611 1565 2644 B.

211 2666 256 2697 54
283 2670 491 2707 consurgunt
522 2667 560 2700 Β.
582 2668 620 2701 (Ὗ.
