1721 2938
246 124 298 164 16
677 126 1172 172 WALTHARIUS.

244 290 324 324 380
352 265 453 325 Jam
484 287 674 338 princeps
704 283 830 323 nimia
863 284 1127 324 succenditur
1157 286 1308 328 efferus
1336 290 1416 340 ira,

382 357 547 395 Mutant
575 353 769 392 laetitiam
807 356 1034 395 moerentia
1064 355 1187 396 corda
1214 358 1411 409 priorem.

379 428 442 465 Ex
473 426 656 466 humeris
693 428 876 466 trabeam
912 426 1103 467 discindit
1130 428 1182 468 ad
1209 428 1349 468 infima
1378 438 1529 481 totam3

376 498 427 537 Et
458 512 568 537 nunc
599 500 679 538 huc
707 500 888 538 animum
918 501 1096 549 tristem,
1131 514 1243 541 nunc
1275 501 1420 542 dividit
1448 504 1556 543 illuc.

380 571 440 610 Ac
469 571 580 612 velut
609 571 772 611 aeolicis
802 573 995 612 turbatur
1022 587 1148 612 arena
1176 574 1390 626 procellis,

244 647 324 682 385
382 641 448 681 Sic
476 641 678 681 intestinis
705 655 782 682 rex
809 643 981 682 fluctuat
1012 643 1197 697 undique
1230 646 1358 696 curis3

384 714 436 753 Et
465 714 625 753 varium
656 723 797 765 pectus
827 716 943 755 vario
976 716 1098 755 simul
1129 729 1200 755 ore
1229 716 1410 755 imitatus

379 784 569 826 Prodidit
598 788 780 826 exterius
811 787 1007 841 quicquid
1032 790 1280 828 toleraverat
1309 787 1435 827 intus.

381 860 532 911 Iraque
564 871 795 898 sermonem
826 861 1012 911 permisit
1043 874 1235 911 promere
1265 861 1441 900 nullum.

381 931 476 981 Ipso
509 930 663 982 quippe
691 929 756 969 die
786 941 931 982 potum
963 932 1120 971 fastidit
1151 940 1188 971 et
1220 946 1377 981 escam,

241 1007 322 1041 390
380 1002 467 1042 Nec
495 1002 696 1055 placidam
727 1005 924 1042 membris
955 1005 1091 1055 potuit
1122 1003 1220 1043 dare
1249 1019 1346 1043 cura
1377 1003 1568 1058 quietem.

378 1075 571 1128 Namque
592 1077 663 1114 ubi
683 1089 770 1116 nox
795 1077 918 1115 rebus
936 1080 1018 1126 jam
1047 1075 1280 1129 dempserat
1309 1085 1397 1116 atra
1423 1079 1599 1127 colores,

385 1146 550 1187 Decidit
579 1147 621 1185 in
654 1148 828 1197 lectum,
860 1163 1005 1188 verum
1035 1163 1111 1188 nec
1144 1150 1301 1189 lumina
1333 1151 1489 1199 clausit,

376 1219 499 1259 Nunc
516 1220 623 1259 latus
641 1220 683 1258 in
704 1218 894 1259 dextrum
918 1222 1069 1271 fultus,
1110 1236 1221 1261 nunc
1236 1223 1364 1276 inque
1383 1223 1604 1271 sinistrum,

382 1293 434 1331 Et
464 1293 592 1331 veluti
617 1293 751 1342 jaculo
781 1301 924 1344 pectus
955 1293 1177 1334 transfixus
1211 1304 1332 1334 acuto

240 1368 319 1403 395
379 1365 578 1416 Palpitatd
606 1372 729 1417 atque
757 1373 878 1417 caput
906 1367 986 1405 huc
1016 1374 1055 1405 et
1084 1380 1181 1406 mox
1210 1367 1364 1417 jactitat
1393 1366 1512 1415 illuc,

380 1437 430 1475 Et
460 1436 584 1477 modo
617 1438 831 1476 subrectus
862 1440 996 1477 fulcro
1029 1438 1273 1479 consederat
1304 1453 1459 1479 amens.

378 1509 466 1549 Nec
497 1514 611 1560 juvat
640 1510 743 1559 hoc,
791 1508 956 1549 demum
988 1523 1158 1562 surgens
1191 1511 1385 1551 discurrit
1412 1511 1454 1550 in
1487 1512 1601 1559 orbe,

324 1622 329 1629 x
380 1583 516 1635 Atque
546 1582 714 1621 thorum
745 1581 914 1622 veniens
949 1583 1073 1622 simul
1112 1584 1242 1635 attigit
1273 1593 1395 1638 atque
1420 1585 1600 1637 reliquit.

378 1654 536 1692 Taliter
564 1655 798 1694 insomnem
829 1665 1139 1707 consumpserat
1164 1655 1290 1696 Attila
1321 1664 1499 1696 noctem.

242 1727 322 1763 400
380 1725 432 1763 At
459 1726 627 1777 profugi
657 1727 846 1776 comites,
887 1742 964 1780 per
992 1728 1124 1768 amica
1155 1728 1317 1768 silentia
1351 1736 1516 1776 euntes,

383 1796 622 1850 Suspectam
651 1808 881 1852 properant
909 1809 1002 1853 post
1031 1809 1143 1852 terga
1166 1800 1403 1853 relinquere
1433 1808 1599 1839 terram.

338 1851 441 1910 Vix
471 1881 605 1911 tamen
639 1876 772 1926 erupit
803 1888 890 1914 cras
925 1889 1000 1913 rex
1026 1876 1297 1928 patribusque
1327 1875 1479 1914 vocatis

381 1945 558 1984 Dixerat
589 1948 634 1985 ‘o
668 1948 700 1986 si
733 1948 823 1999 quis
854 1938 954 1985 inihi
988 1947 1271 1987 VValtliarium
1303 1949 1523 1999 fugientem

377 2018 537 2056 Afferat
570 2019 801 2068 evinctum,
833 2034 905 2058 ceu
938 2034 1118 2073 nequam
1147 2021 1255 2059 forte
1284 2018 1486 2059 liciscam!

240 2089 321 2127 405
381 2088 504 2126 Hunc
534 2102 607 2139 ego
638 2103 738 2129 mox
770 2104 872 2130 auro
901 2091 1090 2131 vestirem
1123 2104 1244 2142 saepe
1275 2099 1465 2137 recocto,

381 2160 432 2199 Et
473 2162 601 2200 ellure
632 2160 797 2213 quidem
829 2171 1002 2201 stantem
1035 2162 1130 2201 hinc
1159 2162 1255 2200 inde
1288 2174 1523 2209 onerarem,

311 2315 375 2345 381
403 2312 537 2345 mittant
560 2312 653 2345 A.D.
713 2313 782 2344 385
806 2311 914 2343 fluitat
935 2311 972 2342 B.
999 2310 1127 2351 (fluitat
1146 2309 1224 2351 rex)
1283 2311 1353 2341 386
1381 2309 1530 2341 imitatur
1557 2308 1596 2340 C.

242 2377 311 2407 387
334 2379 476 2406 externe
489 2373 528 2406 C.
577 2374 648 2404 388
667 2381 856 2404 sermonem
873 2371 953 2403 dare
969 2381 1033 2402 non
1050 2372 1250 2413 permiserat
1263 2370 1302 2403 D.
1352 2372 1422 2402 390
1438 2370 1596 2412 placitam

243 2445 286 2468 m.
315 2438 448 2478 poterat
466 2433 506 2467 C.
555 2435 619 2465 391
636 2433 707 2474 jam
722 2433 823 2465 rebus
838 2442 905 2464 nox
920 2432 959 2463 C.
975 2436 1009 2463 et
1026 2441 1102 2463 cum
1124 2441 1192 2462 nox
1211 2430 1309 2462 terris
1323 2430 1538 2472 depresserat
1555 2430 1594 2462 D.

242 2498 313 2529 394
339 2496 536 2528 transfixum
557 2495 596 2528 C.
646 2497 715 2526 395
741 2494 857 2526 iacitat
879 2495 918 2526 A.
966 2495 1036 2525 396
1061 2491 1242 2534 subreptus
1262 2491 1302 2524 Β.
1337 2494 1372 2523 et
1397 2500 1495 2523 mane
1519 2499 1597 2522 sur·

243 2563 356 2591 rectus
386 2558 425 2589 D.
484 2559 553 2588 397
578 2554 654 2588 hinc
679 2556 718 2588 C.
754 2555 904 2587 decurrit
931 2554 970 2586 D.
1004 2552 1086 2585 urbe
1115 2554 1154 2585 A.
1187 2552 1305 2585 urbem
1325 2552 1364 2585 C.
1378 2552 1418 2585 D.
1434 2551 1478 2584 H.
1513 2550 1596 2582 orbe

243 2618 285 2649 ist
309 2622 530 2659 vermutung‚
562 2627 623 2649 aus
643 2617 672 2648 B
697 2617 795 2648 keine
816 2626 884 2648 var.
908 2614 1118 2656 angemerkt.
1175 2616 1242 2646 401
1268 2613 1419 2647 Exosam
1442 2612 1466 2646 l.
1525 2612 1594 2643 404

243 2678 389 2712 Afferret
416 2678 442 2712 1.
519 2680 588 2710 406
617 2682 728 2711 stante
754 2675 829 2711 hinc
854 2681 955 2719 atque
981 2677 1019 2709 C.
