1721 2938
204 91 259 130 40
621 88 1118 131 WALTHARIUS.

215 245 318 280 1085
379 239 570 280 Dedecus
601 248 640 277 at
671 247 827 277 tantum
861 238 1071 289 superabit
1097 240 1274 280 Francia
1303 257 1529 295 nunquam.

376 315 508 352 Antea
538 311 654 363 queis
686 310 837 350 suimus
871 313 1068 363 suspecti,
1099 312 1217 351 sibila
1248 312 1411 363 dantes,

379 383 704 422 “Francorum'’
734 381 869 421 dicent
902 384 1137 424 “exercitus
1168 385 1300 424 omnis
1333 386 1383 423 ab
1413 400 1496 425 uno

378 455 488 492 Proh
508 452 659 504 pudor!
691 455 873 504 ignotum
892 457 956 495 vel
973 470 1068 508 quo,
1087 464 1143 495 est
1160 457 1329 507 impune
1348 455 1564 494 necatus!”

325 510 621 567 Cunctabatur
654 528 785 567 adhuc
812 529 1036 580 Hagmon,
1078 538 1115 568 et
1148 538 1311 580 pectore
1341 543 1536 581 sponsam

220 606 320 641 [000
378 603 616 642 VValtliario
646 605 892 656 plerumque
923 603 1041 643 fidem
1075 605 1287 654 volvebat,
1322 614 1357 644 et
1388 606 1521 656 ipsum

379 677 584 716 Eventum
619 683 750 726 gestae
781 677 985 715 recolebat
1018 677 1058 714 in
1092 676 1237 715 ordine
1270 691 1426 717 causae.

381 746 615 798 Supplicius
646 755 783 786 tamen
813 746 959 785 infelix
988 761 1064 786 rex
1094 749 1241 788 institit
1268 750 1348 799 illi,

380 817 506 867 Cujus
537 818 714 857 subnixe
745 818 958 869 rogitantis
990 821 1176 858 acumine
1209 829 1343 859 motus

379 889 558 928 Erubuit
587 889 743 929 domini
773 892 954 938 vultum,
997 892 1221 942 replicabat
1253 893 1454 931 honorem

218 966 320 1000 1095
381 963 555 1002 Virtutis
585 963 801 1014 propriae,
843 963 913 1014 qui
944 963 1030 1002 sors
1063 964 1277 1002 vilesceret
1308 963 1426 1012 inde,

381 1034 424 1073 Si
454 1048 704 1087 quocunque
735 1033 858 1074 modo
888 1035 930 1073 in
961 1036 1086 1073 rebus
1116 1035 1194 1074 sibi
1222 1044 1408 1087 parceret
1438 1036 1538 1075 istis.

381 1106 529 1158 Erupit
558 1105 745 1156 tandem,
785 1114 825 1145 et
859 1107 966 1145 clara
995 1107 1051 1145 sic
1081 1120 1182 1146 voce
1213 1106 1427 1158 respondit

377 1177 483 1225 ‘Quo
501 1193 577 1227 me,
591 1178 753 1225 domne,
768 1176 918 1219 vocas?
946 1193 1029 1230 quo
1047 1187 1084 1218 te
1100 1193 1259 1231 sequar,
1274 1179 1410 1216 inclite
1424 1177 1636 1230 princeps?

380 1249 495 1298 Quae
528 1259 741 1303 nequeunt
772 1251 858 1289 sieri
889 1250 1064 1302 spondet
1095 1250 1243 1289 fiducia
1273 1250 1400 1289 cordi.

214 1328 321 1361 1100
384 1321 484 1370 Quis
516 1330 597 1360 tam
631 1322 834 1374 desipiens
866 1322 1115 1375 quandoque
1146 1323 1271 1360 fuisse
1305 1322 1526 1372 probatur,

381 1391 462 1440 Qui
493 1394 596 1431 saltu
629 1394 840 1433 baratrum
871 1402 1017 1445 sponte
1048 1393 1298 1444 attemptarit
1328 1389 1548 1444 apertum?

379 1464 487 1502 Nam
503 1465 585 1503 scio
602 1465 883 1503 VValtharium
901 1479 977 1516 per
993 1478 1158 1517 campos
1177 1466 1232 1504 sic
1250 1466 1339 1504 fore
1357 1466 1563 1513 acerbum,

378 1537 435 1576 Ut
464 1538 536 1575 tali
569 1544 701 1576 castro
733 1550 808 1575 nec
839 1550 925 1575 non
956 1537 1130 1576 statione
1160 1539 1338 1586 locatus,

378 1610 589 1659 lugentem
614 1622 790 1648 cuneum
815 1610 929 1649 velut
954 1623 1082 1647 unum
1111 1617 1294 1661 tempnat
1318 1610 1566 1648 homullum.

219 1685 320 1720 1105
380 1681 431 1719 Et
457 1682 551 1719 licet
575 1682 654 1721 huc
682 1690 848 1720 cunctos
876 1682 1031 1732 equites
1060 1681 1181 1719 simul
1205 1689 1326 1733 atque
1354 1679 1564 1732 pedestres

379 1753 554 1792 Francia
590 1753 785 1801 misisset,
824 1752 879 1792 sic
908 1753 992 1801 his,
1034 1767 1107 1791 ceu
1139 1754 1290 1792 fecerat
1317 1752 1419 1791 istis.

380 1823 460 1863 Sed
493 1825 589 1876 quia
622 1824 828 1875 conspicio
860 1833 899 1863 te
932 1825 1022 1876 plus
1057 1824 1235 1863 doluisse
1268 1823 1449 1875 pudore,

380 1894 510 1943 Quam
543 1895 674 1934 caedis
706 1895 880 1943 damno,
918 1909 992 1935 nec
1021 1896 1076 1934 sic
1108 1895 1316 1935 discedere
1346 1896 1472 1943 velle3

383 1966 643 2018 Compafior,
684 1968 962 2020 propriusque
996 1967 1118 2007 dolor
1151 1967 1380 2007 succumbit
1413 1965 1564 2006 honori

219 2044 323 2077 1110
380 2039 523 2090 Regis,
563 2049 599 2078 et
631 2054 721 2079 ecce
748 2040 856 2080 viam
888 2053 1017 2080 conor
1046 2041 1229 2092 reperire
1258 2039 1420 2087 salutis,

307 2190 398 2219 1085
435 2191 468 2219 at
499 2191 609 2218 tamen
640 2188 679 2219 A.
723 2190 758 2218 at
791 2191 879 2218 terra
907 2186 944 2219 C.
990 2190 1117 2218 tantum
1149 2185 1206 2218 hat
1237 2185 1320 2218 auch
1348 2186 1388 2217 F.
1470 2188 1561 2217 1086

213 2248 356 2280 subiecti
382 2247 420 2279 C.
468 2249 523 2289 qui
553 2247 685 2279 fuerant
717 2246 861 2279 subiecti
891 2247 918 2279 l.
1003 2251 1094 2279 1088
1127 2248 1183 2289 qui
1219 2251 1270 2279 est
1299 2247 1338 2281 C.
1382 2247 1436 2279 vel
1469 2246 1560 2288 quod

213 2310 349 2352 impune
377 2313 520 2350 negatur
549 2308 572 2341 1.
644 2310 732 2339 1089
762 2306 868 2339 adhoc
894 2308 919 2340 1.
990 2311 1074 2340 1091
1108 2307 1240 2340 Evento
1269 2308 1292 2340 1.
1362 2308 1453 2338 1092
1478 2316 1560 2348 sup-

213 2371 344 2413 pliciter
370 2370 396 2401 l.
474 2371 563 2401 1094
591 2370 765 2411 replicavit
789 2369 827 2400 C.
865 2368 991 2400 honore
1018 2370 1056 2401 Α.
1079 2369 1117 2399 C.
1194 2370 1283 2399 1097
1310 2367 1434 2409 eripuit
1458 2365 1497 2397 C.
1516 2366 1558 2399 E.

211 2431 347 2463 erubuit
378 2431 400 2463 1.
481 2432 570 2461 1098
597 2429 731 2461 domiue
758 2431 796 2463 A.
817 2430 854 2462 C.
932 2431 1021 2460 1099
1048 2429 1160 2460 cordis
1187 2429 1225 2462 C.
1301 2431 1392 2459 1100
1417 2428 1559 2469 quicun-

213 2502 276 2531 que
307 2492 344 2522 C.
436 2493 520 2522 1101
560 2494 779 2532 attemptaret
814 2491 852 2522 A.
896 2491 1105 2533 attemptarit
1142 2490 1180 2522 B.
1211 2489 1251 2522 E.
1294 2490 1485 2531 acceptavit
1519 2489 1557 2522 C.

214 2554 324 2584 Altum
345 2552 419 2593 quis
441 2552 609 2584 baratrum
631 2555 752 2594 sponte
771 2552 979 2594 attemptarit
1001 2555 1152 2593 apertum
1173 2551 1198 2585 l.
1252 2552 1343 2582 1104
1369 2552 1512 2592 temptat
1534 2548 1558 2581 l.

212 2615 302 2643 1106
329 2613 375 2643 sic
402 2611 453 2644 hic
481 2613 504 2644 l.
582 2615 669 2645 1107
695 2611 784 2654 quod
812 2614 851 2644 A.
930 2614 1018 2643 1109
1049 2613 1235 2654 compatiar
1262 2611 1301 2645 C.
