1721 2938
460 104 864 149 RUODLIEB
920 106 1073 163 fragm.
1101 106 1177 149 111.
1403 109 1484 151 145

278 260 522 302 Inclinando
552 270 686 315 caput,
719 275 770 301 ne
801 262 965 303 vincula
996 262 1156 302 solvere
1186 261 1331 314 possit.

279 334 344 374 Ad
374 333 704 374 manducandum
734 334 812 374 sibi
841 342 901 373 sat
932 332 983 371 da
1017 333 1102 373 sive
1131 331 1372 383 bibendum,

283 405 405 455 Quod
435 408 550 446 bibat
578 415 617 444 at
647 405 787 444 vinum
818 404 937 445 valde
968 404 1019 443 sit
1049 403 1168 443 dulce
1191 403 1430 445 bibendum.

280 479 431 518 Ebrius
462 476 642 525 exinde7
668 476 764 515 dum
798 478 907 524 vult,
942 490 993 514 ne
1029 484 1154 529 queat
1183 477 1374 528 retinere,

145 555 222 591 115
279 551 410 590 Exeat
439 549 560 588 urina
589 547 660 587 sed
691 556 735 587 ut
772 549 985 598 ignorante
1015 557 1185 598 retenta,

278 622 329 661 Et
359 622 461 661 fluat
491 621 533 659 in
564 619 716 672 pelvim
747 620 824 659 cilo
855 632 930 670 per
963 619 1149 658 butinam
1179 620 1441 669 terebratam‚

281 690 415 740 Quam
448 691 546 730 dum
577 705 658 730 non
690 691 841 744 poterit
868 689 1123 742 dispergere,
1154 690 1294 730 vivere
1323 691 1486 731 claudit.

282 765 327 804 Si
357 777 440 804 non
470 763 622 801 ‘emittat
651 770 786 801 tamen
816 762 922 800 hanc
952 762 1216 814 moriensque
1245 769 1433 813 retentet,

285 838 501 876 Abstracta
531 835 637 887 pelle
676 835 742 874 vel
774 841 918 886 aperto
952 833 1110 872 cautius
1143 834 1236 873 alvo

148 911 227 946 120
286 908 440 948 Tollito
471 908 645 947 vesicam
676 906 742 946 vel
772 920 847 946 acu
880 915 1132 957 transpunge
1170 905 1374 953 minutim,

279 978 331 1018 Et
359 978 414 1018 sic
445 979 607 1018 urinam
638 977 759 1017 nimis
789 979 831 1017 in
863 991 1010 1031 puram
1043 990 1184 1030 preme
1211 977 1376 1029 pelvim,

279 1051 411 1103 Inque
442 1050 610 1090 modum
644 1051 756 1102 pisae
785 1065 861 1102 per
890 1064 1042 1103 cuprea
1067 1049 1232 1088 vascula
1262 1048 1403 1098 funde,

281 1123 537 1176 Majorisque
567 1124 683 1162 nucis
712 1122 762 1161 ad
793 1136 979 1173 grossum
1014 1120 1174 1160 fundito
1200 1121 1323 1160 vasis.

279 1194 515 1235 Suffodiens
545 1203 656 1233 terra
686 1208 791 1247 quae
822 1208 918 1234 vasa
958 1193 1043 1232 dies
1086 1192 1311 1244 decapenta

145 1270 223 1305 125
283 1267 382 1306 Esse
415 1268 545 1317 sinas,
575 1275 669 1319 post
703 1266 902 1307 effodiens
933 1265 1082 1306 exinde
1113 1279 1311 1317 resumaS‚

284 1339 428 1378 Guttas
459 1341 502 1378 in
532 1353 708 1391 gemmas
740 1348 951 1379 concretas
982 1338 1114 1377 cernis
1145 1346 1184 1377 et
1220 1352 1376 1390 omnes,

281 1410 397 1459 Quae
427 1412 579 1450 similes
608 1411 754 1463 prunis
784 1412 925 1450 lucent
956 1410 1126 1461 caligine
1163 1412 1309 1452 noctis.

284 1482 397 1532 Quas
430 1482 545 1523 decet
573 1483 733 1535 imponi
763 1483 999 1534 reginarum
1021 1482 1187 1534 digitali.

281 1555 404 1606 Regis
441 1563 480 1593 at
509 1555 677 1607 impone
709 1568 874 1606 magnas
904 1554 1083 1607 aptando
1114 1569 1305 1596 coronae.
1337 1575 1390 1584 —

147 1633 225 1668 130
283 1626 506 1666 Adduntur
535 1626 674 1675 donis,
714 1627 805 1666 licet
835 1627 914 1666 illis
940 1628 998 1666 nil
1027 1627 1077 1666 sit
1105 1628 1291 1676 honoris,
1488 1643 1642 1679 s01‚11b,

285 1699 412 1739 Simia
442 1713 542 1738 nare
574 1698 713 1746 brevi,
747 1707 840 1737 nate
878 1697 989 1738 nuda
1020 1713 1243 1753 murcaque
1275 1700 1415 1750 cauda',

285 1774 483 1825 Voceque
516 1772 705 1819 milaina,
737 1778 827 1809 cute
860 1771 964 1809 crisa
1004 1779 1108 1811 calta
1154 1773 1328 1823 marina,

281 1845 328 1884 In
355 1831 512 1898 ¹quibus
542 1843 742 1882 ambabus
772 1842 831 1881 nil
856 1842 1038 1883 cernitur
1069 1843 1267 1884 utilitatis.

283 1915 348 1954 Ex
381 1915 621 1966 genealogia
651 1914 782 1955 nobili
809 1916 960 1966 regalia
992 1914 1102 1954 dona

150 1991 227 2026 135
287 1987 414 2026 Auxit
448 2001 540 2025 cum
576 1986 769 2038 psitachis
800 1978 907 2026 binis
938 1987 1154 2039 corvisque
1185 1986 1378 2037 gemellis,

286 2055 547 2103 Monedulis,
578 2057 730 2096 sturnis
761 2055 889 2097 doctis
919 2058 1073 2108 garrire
1101 2058 1291 2110 loquelis,

283 2126 489 2182 Quicquid
534 2137 572 2168 et
602 2128 807 2168 audierint
841 2128 1010 2182 [imitari
1042 2130 1133 2183 qui]
1156 2128 1416 2168 studuerunt.

285 2201 475 2241 Pontifici
507 2201 655 2254 cuique
688 2214 761 2240 sua
793 2215 967 2240 munera
996 2200 1123 2241 donat
1160 2203 1345 2242 honeste.

285 2272 458 2324 Loricis,
489 2273 612 2325 galeis
645 2272 840 2323 ducibus,
871 2273 995 2314 scutis
1025 2304 1034 2314 .
1054 2303 1064 2314 .
1090 2303 1100 2312 .
1118 2274 1248 2324 alatis,

150 2345 228 2383 140
287 2346 482 2385 Munerat
512 2354 634 2399 atque
665 2347 776 2385 tubis
807 2360 909 2386 auro
938 2360 1039 2398 prae
1068 2355 1161 2399 post
1200 2345 1413 2393 decoratis,

286 2416 548 2457 Praesidibus
580 2418 762 2470 pulchris
791 2416 943 2457 mach-is
978 2417 1174 2470 crisisque
1203 2413 1397 2468 poledris,

285 2487 489 2527 Militibus
520 2489 687 2528 summis
730 2503 802 2528 seu
844 2488 1065 2542 pelliciisve
1094 2487 1348 2527 chrusennis.

289 2558 365 2597 His
393 2558 449 2598 ita
479 2558 686 2611 dispositis
717 2561 924 2600 modicum
964 2562 1224 2615 requiescere
1256 2558 1345 2598 vult
1375 2557 1422 2596 is.

283 2627 513 2681 Explorare
541 2632 656 2681 jubet
684 2633 786 2672 alter
813 2645 913 2684 rex,
959 2631 1127 2686 quando
1152 2638 1350 2682 resurgat.

1083 2710 1133 2745 10
