1721 2938
589 122 1087 166 WAL'PHARIUS.
1486 128 1515 169 7

293 274 481 316 Foedera
516 274 727 327 dissolvit,
764 292 1014 332 censumque
1043 278 1182 317 subire
1212 280 1390 330 negavit.

293 348 385 387 Hoc
415 349 489 388 ubi
516 352 597 398 jam
627 349 809 402 primum
839 351 1012 401 Hagano
1041 359 1287 401 cognoverat
1317 353 1432 401 exul,

158 424 239 460 120
298 420 429 461 Nocte
460 422 597 471 sugam
627 421 821 471 molitur,
866 429 905 460 et
941 421 992 459 ad
1024 420 1235 461 dominum
1263 424 1514 475 properavit.

292 493 553 533 Waltharius
588 500 726 531 tamen
767 491 817 531 ad
848 507 1005 544 pugnas
1034 504 1312 545 praecesserat
1341 497 1511 546 Hunos,

295 565 347 603 Et
374 577 624 617 quocunque
655 564 756 612 iret,
794 576 893 603 mox
924 579 1126 617 prospera
1157 576 1252 606 sunt
1283 569 1485 608 comitata.

293 635 463 688 Ospirin
497 638 681 688 elapsum
718 637 988 687 Haganonem
1019 638 1131 688 regia
1165 644 1316 688 conjux

294 708 544 759 Attendens,
588 707 757 748 domino
787 711 982 760 suggessit
1017 710 1112 748 taIIa
1144 709 1248 748 dicta

153 785 232 822 125
293 780 536 822 ‘Provideat
567 789 814 834 caveatque,
852 795 1022 833 precor,
1058 782 1241 820 sollertia
1268 782 1399 833 regis,

287 853 352 892 Ne
381 853 507 894 vestri
536 853 701 905 imperii
727 855 891 892 labatur
922 855 1029 892 forte
1061 855 1268 901 columna,

288 927 380 965 Hoc
411 935 490 976 est,
522 927 784 966 Waltharius
811 934 944 966 vester
975 924 1155 965 discedat
1185 925 1362 973 amicus,

289 998 337 1038 In
373 1012 457 1052 quo
490 1013 636 1050 magna
665 1001 880 1050 potestatis
910 999 971 1039 vis
1003 999 1135 1037 extitit
1165 998 1320 1046 Hunis,

287 1070 394 1110 Nam
425 1084 593 1119 vereor,
629 1084 681 1109 ne
712 1072 799 1110 sors
826 1071 987 1121 fugiens
1018 1071 1287 1121 Haganonem
1315 1069 1510 1109 imitetur.

149 1146 230 1181 130
289 1142 531 1195 Idcircoque
561 1157 694 1182 meam
721 1142 963 1195 perpendite
992 1157 1103 1182 nunc
1131 1143 1358 1191 rationem,

288 1214 394 1253 Cum
423 1215 603 1266 primum
635 1214 796 1263 veniat,
836 1215 936 1254 haec
966 1215 1025 1253 illi
1060 1213 1178 1253 dicite
1209 1215 1339 1254 verba

290 1287 506 1328 “Servilio
542 1288 585 1325 in
620 1295 763 1326 nostro
792 1301 962 1337 magnos
993 1288 1239 1339 plerumque
1269 1288 1432 1325 labores

284 1358 435 1396 Passus
466 1371 579 1407 eras,
608 1357 787 1410 ideoque
819 1360 944 1408 scias,
986 1357 1097 1410 quod
1127 1358 1256 1407 gratia
1287 1366 1425 1397 nostra

281 1430 386 1468 Prae
418 1431 572 1469 cunctis
600 1438 725 1468 temet
754 1431 927 1468 nimium
959 1427 1102 1468 dilexit
1131 1431 1288 1478 amicis,

147 1505 226 1541 135
286 1500 408 1549 Quod
438 1504 534 1542 volo
564 1503 658 1553 plus
691 1503 804 1540 sactis
834 1511 871 1540 te
905 1516 1028 1554 quam
1063 1514 1305 1552 cognoscere
1334 1502 1463 1542 dictiS.

285 1574 399 1624 Elige
431 1573 481 1613 de
510 1575 683 1626 satrapis
718 1583 889 1625 nuptam
921 1574 995 1613 tibi
1023 1575 1360 1624 Pannoniarum,

281 1647 333 1685 Et
363 1660 447 1685 non
481 1647 720 1698 pauperiem
749 1647 960 1698 propriam
991 1646 1250 1698 perpendere
1285 1660 1413 1686 cures.

286 1717 556 1770 Amplificabo
590 1718 756 1771 quidem
787 1719 943 1770 pariter
972 1728 1009 1758 te
1039 1733 1135 1758 rure
1166 1718 1383 1771 domique,

279 1790 366 1829 Nec
387 1791 620 1843 quisquam,
643 1792 715 1844 qui
738 1790 804 1830 dat
830 1805 1037 1843 sponsam,
1059 1800 1151 1843 post
1177 1792 1278 1829 sacta
1299 1789 1505 1841 pudebit.'’

146 1863 225 1901 140
286 1860 408 1910 Quod
441 1863 475 1900 si
505 1865 739 1915 completis,
771 1865 887 1902 illum
917 1864 1099 1902 stabilire
1130 1863 1324 1914 potestis!

282 1933 543 1987 Complacuit
571 1950 706 1975 sermo
736 1936 845 1987 regi,
887 1936 1104 1987 coepitque
1136 1936 1289 1986 parari.

229 1990 504 2048 Waltharius
536 2009 671 2059 venit,
703 2010 770 2048 cui
797 2011 989 2061 princeps
1017 2009 1114 2048 talia
1143 2009 1307 2062 pandit,

283 2080 470 2119 Uxorem
500 2080 677 2119 suadens
709 2081 787 2120 sibi
820 2080 984 2119 ducere.
1023 2080 1093 2119 sed
1126 2089 1260 2119 tamen
1290 2080 1402 2131 ipse,

284 2150 373 2188 Jam
391 2158 476 2188 tum
494 2151 820 2201 praemeditans,
853 2151 969 2204 quod
986 2160 1078 2203 post
1097 2152 1371 2202 compleverat
1392 2153 1500 2197 actis,

146 2223 224 2262 145
284 2221 551 2272 Investiganti
580 2223 642 2261 his
674 2224 928 2274 suggestibus
961 2223 1107 2262 obvius
1136 2222 1226 2260 infit

285 2294 459 2332 ‘Vestra
491 2294 658 2346 quidem
688 2298 817 2347 pietas
850 2304 910 2334 est
947 2293 1060 2348 quod
1090 2294 1241 2333 modici
1280 2294 1499 2332 famulatus

283 2363 459 2403 Causam
490 2367 736 2419 conspicitis.
780 2367 851 2407 sed
883 2365 995 2420 quod
1021 2379 1110 2405 mea
1137 2366 1267 2416 sergia
1295 2363 1442 2403 mentis

241 2523 308 2553 123
340 2522 374 2554 in
408 2523 548 2566 Ospirin
583 2524 644 2557 das
677 2525 784 2557 letzte
818 2524 830 2556 i
863 2523 990 2556 radiert
1027 2523 1064 2556 A.
1156 2523 1222 2552 128
1255 2517 1353 2551 huius
1388 2519 1429 2552 B.
1457 2517 1496 2552 C.

146 2583 213 2614 135
240 2580 339 2613 Nunc
365 2582 441 2614 volo
465 2582 491 2615 I.
554 2586 624 2616 138
654 2583 756 2617 ualde
781 2587 815 2616 te
841 2583 882 2616 Β.
903 2583 929 2616 1.
995 2584 1058 2615 141
1093 2590 1212 2624 parare
1238 2579 1276 2613 C.
1341 2580 1407 2612 145
1435 2578 1497 2612 His

144 2641 325 2684 instigandi
354 2641 393 2677 B.
426 2643 601 2686 instiganti
626 2644 652 2678 1.
728 2645 796 2677 147
825 2642 936 2676 seruia
966 2641 1005 2674 B.
