1721 2938
668 115 1007 160 ECBASIS.
1426 120 1510 161 245

273 271 404 310 Immo
437 270 685 323 peregrinis,
727 269 922 310 mendicis
954 280 1076 322 atque
1108 269 1275 322 pupillis

273 345 353 382 Per
383 344 460 382 sibi
494 344 728 383 commissas
774 344 955 394 reliquas
986 342 1216 382 discurrere
1262 357 1395 383 curas.

271 415 333 453 Mi
365 429 462 455 vero
494 429 650 462 vacuo,
683 416 891 453 claustrali
921 429 1082 455 carcere
1114 425 1229 467 septo

269 485 416 523 Acrem
447 484 693 524 mordebant
721 487 903 524 animum
935 486 1187 524 monimenta
1219 485 1416 538 priorum,

161 561 213 594 60
270 558 580 610 Flebilibusque
613 571 733 607 vagas
765 557 1004 607 contingens
1034 558 1205 597 vocibus
1237 573 1357 598 auras

267 628 419 668 Moesti
452 629 506 666 sel
549 628 683 668 cordis
715 630 960 681 reparabam
991 641 1106 667 more
1139 628 1357 678 medentis,

271 702 425 743 Partim
457 702 658 748 cauterio,
690 702 835 753 partim
869 701 1135 757 medicamine
1165 715 1288 753 puro,

267 775 493 825 Imperiosa
525 775 639 825 prius
674 772 830 812 deflens
867 773 1067 813 solamina
1099 774 1244 825 stulta3

271 847 420 886 Dicere
456 861 537 885 non
572 855 781 898 poteram,
814 855 923 885 tanta
954 845 1064 897 qnod
1095 855 1232 885 mente
1267 847 1507 899 coquebam,

160 923 210 958 65
271 919 355 958 Ceu
390 926 561 957 truncus
594 920 741 957 sterilis
772 919 892 968 lignis
923 919 1131 971 aequabat·
1162 917 1328 967 adustis,

265 991 323 1028 Ac
358 990 506 1028 misero
537 989 691 1036 vitulo,
722 988 894 1028 sudibus
927 1004 1049 1042 quam
1080 1003 1201 1041 saepe
1230 991 1368 1042 ligat0,

268 1063 332 1100 Illi
362 1061 583 1101 consimilis
614 1069 776 1112 patrum
808 1062 1000 1101 frenabat*
1032 1063 1217 1111 habenis,

268 1134 396 1184 Cujus
430 1143 468 1173 et
499 1134 708 1174 historiam
742 1147 824 1172 non
857 1135 1005 1186 simplo
1036 1135 1206 1174 stamine
1240 1143 1393 1174 texam.

208 1190 323 1250 Post
354 1212 607 1261 octingentos
639 1209 820 1255 domini,
845 1218 936 1262 post
967 1217 1030 1248 ter
1059 1217 1207 1262 quater
1237 1222 1380 1258 annos,

155 1288 208 1322 70
267 1283 399 1335 Aprili
431 1297 568 1322 mense
599 1284 773 1334 paschae
803 1283 864 1321 bis
895 1283 1067 1333 septima
1097 1283 1209 1331 luna,

267 1354 333 1395 Sic
363 1354 465 1394 vixit
497 1355 650 1394 vitulus
681 1355 901 1406 Vosaginis
933 1355 1120 1405 partibus
1151 1355 1268 1402 altus,

265 1428 323 1468 Ut
351 1429 500 1478 legitur
529 1426 689 1479 scriptis
719 1428 760 1465 in
796 1426 1136 1479 praecedentibus
1166 1428 1260 1475 illis,

262 1502 439 1540 Annuus
470 1502 648 1539 existens
678 1499 879 1539 redeunte
911 1508 1096 1550 tempore
1126 1500 1249 1539 veris.

263 1574 453 1611 Pastores
489 1572 628 1612 ovium
660 1573 777 1611 multi
810 1572 1000 1625 tardique
1031 1572 1192 1611 subulci

157 1649 207 1683 75
269 1644 374 1683 Cum
406 1658 524 1695 grege
556 1646 716 1684 soetoso
747 1653 936 1696 satagunt
968 1646 1080 1684 exire
1110 1645 1318 1695 gregatim,

265 1710 549 1768 Custodesqfie
582 1718 707 1756 boum
740 1731 814 1756 nec
847 1731 931 1756 non
963 1724 1150 1756 servator
1178 1730 1397 1768 equorum.

268 1787 377 1827 Cura
407 1789 595 1839 pervigili
634 1788 730 1828 dum
762 1791 937 1829 lustrant
969 1802 1121 1841 pascua
1153 1789 1297 1840 campi,

266 1859 485 1899 Clauditur
520 1861 588 1899 ille
622 1861 760 1910 domi,
804 1864 947 1912 lugens
979 1862 1057 1900 sibi
1087 1862 1191 1900 colla
1219 1861 1350 1912 ligari,

263 1933 424 1972 Gaudia
456 1935 568 1972 nulla
595 1934 719 1982 foris,
749 1935 859 1972 intus
890 1946 1082 1985 pressura
1112 1933 1280 1982 doloris,

153 1996 205 2042 80
263 2004 315 2042 Et
346 2004 459 2056 quod
490 2006 582 2057 plus
612 2005 722 2053 istis,
755 2006 905 2044 absunt
934 2006 1140 2044 consortia
1170 2005 1325 2044 matris.

264 2076 398 2116 Triste
429 2084 489 2115 sat
516 2077 736 2127 ingemuit,
769 2075 903 2117 cordis
938 2076 1115 2128 suspiria
1144 2076 1279 2126 traxit,

263 2149 392 2198 Erigit
424 2147 473 2189 ad
507 2151 664 2189 coelum
697 2150 820 2189 facies
851 2157 972 2201 atque
1002 2149 1167 2189 invocat
1196 2149 1345 2197 Iesum,

264 2219 505 2259 Conclamat
532 2222 710 2261 lacrimis
741 2221 849 2260 binis
880 2221 1117 2274 pariterque
1149 2220 1316 2269 vicenis,

261 2292 318 2331 Ut
355 2302 490 2333 custos
521 2294 671 2333 stabuli
695 2295 827 2333 solvat
855 2294 933 2332 sibi
961 2294 1126 2333 vincula
1156 2293 1275 2333 colli:

153 2367 205 2403 85
264 2365 403 2404 Ubere
439 2366 487 2405 de
521 2368 660 2406 matris
688 2380 855 2420 quoque
888 2374 1019 2417 gustet
1049 2364 1197 2417 gaudia
1224 2365 1354 2404 lactis.

263 2438 375 2476 Haec
408 2438 490 2478 duo
522 2440 721 2491 suspirat,
760 2453 865 2491 quae
898 2452 974 2489 per
1004 2439 1208 2477 contraria
1238 2444 1389 2485 tornat,

267 2507 454 2559 Cumque
485 2519 658 2560 negatur
690 2511 788 2559 iter,
818 2509 1042 2549 distentum
1072 2511 1232 2551 tollitur
1263 2509 1377 2548 uber.

250 2640 295 2669 58
322 2647 375 2669 me
402 2648 482 2670 vero
511 2643 551 2671 A.
622 2642 665 2671 67
697 2639 847 2672 frenatur
874 2640 913 2671 A.
