1721 2938
200 116 284 159 276
706 108 1040 152 ECBASIS.

349 266 459 305 Visis
490 262 646 312 arrisit,
688 275 804 301 caros
833 261 910 301 sibi
941 260 1106 300 foedere
1135 264 1282 311 junxit.

793 336 982 388 psitacus.

211 420 289 455 955
349 410 528 453 ‘Oceano
559 411 701 463 positis
728 409 833 460 regis
867 408 909 447 fit
943 410 1048 448 fama
1077 408 1258 457 jacentis.

351 485 423 524 Est
453 483 551 537 quia
582 481 766 521 divinum
798 482 1026 532 languentis
1057 480 1188 519 visere
1219 486 1404 528 stratum,

349 554 598 607 Compuncti
630 554 806 592 lacrimis
840 553 985 604 palmis
1016 551 1256 592 deflevimus
1283 552 1392 600 artis,

349 626 506 669 Ordine
543 626 716 666 confuso
748 624 1014 664 lustravimus
1045 637 1138 662 aere
1169 622 1311 672 denso,

350 697 444 747 Quo
479 698 543 738 via
576 697 625 736 sit
656 697 776 736 nobis
807 695 954 735 invidit
984 695 1128 734 semita
1157 694 1293 742 nubis,

210 776 291 813 960
351 771 498 811 Donec
530 769 763 820 Burdigalis
794 782 944 821 opacae
974 777 1158 820 tempore
1189 767 1319 805 noctis

350 844 417 884 Fit
446 842 638 894 strepitus
669 842 801 893 plebis
831 840 1051 880 matutinos
1079 841 1192 878 imno
1219 839 1408 891 petentis,

349 915 540 967 Namque
572 913 760 953 Severini
790 913 1022 951 celebrabat
1051 913 1152 950 festa
1181 913 1301 950 beati.

352 988 540 1039 Cumque
572 985 728 1036 fatigati
759 998 1022 1024 moraremur
1056 983 1105 1023 ad
1137 985 1240 1023 atria
1269 983 1410 1032 sancti,

352 1058 458 1097 Cum
484 1057 647 1110 reliquo
677 1056 802 1106 vulgo
832 1054 1067 1100 redibentes
1099 1054 1256 1093 cantica
1285 1053 1460 1103 Christo,

213 1138 292 1174 965
351 1131 457 1170 Mox
493 1143 644 1168 aurora
673 1130 829 1168 rubens
861 1135 1039 1167 maturat
1077 1127 1232 1179 pellere
1263 1127 1410 1175 nubes,

347 1203 449 1244 Inde
478 1201 713 1242 recedentes
742 1202 976 1241 invenimus
1006 1202 1126 1240 hasce
1153 1211 1329 1248 sorores,

353 1274 573 1315 Conductu
602 1287 780 1326 quarum
814 1273 1047 1326 quaesitum
1076 1271 1309 1312 invenimus
1340 1283 1518 1322 aegrum.

348 1348 456 1399 Ergo
486 1354 734 1399 repetamus.
791 1345 845 1384 sis
877 1345 998 1385 nobis
1031 1344 1137 1383 fixus
1171 1343 1338 1390 amicus,

350 1418 512 1458 Diceris
548 1433 571 1457 a
602 1416 758 1466 cunctis
790 1416 888 1455 clari
917 1417 992 1455 lux
1021 1416 1147 1455 altera
1178 1413 1290 1463 solis,

212 1499 292 1534 970
351 1492 411 1530 Te
444 1490 546 1529 duce
577 1488 799 1537 ducamur,
832 1496 870 1528 te
901 1487 1105 1541 praeduce
1134 1501 1234 1526 mox
1262 1487 1522 1526 revehamur.

350 1564 463 1603 Haec
494 1561 673 1601 filomela
703 1574 844 1609 soror,
884 1559 1036 1599 nimius
1080 1573 1203 1611 quam
1243 1557 1396 1598 detinet
1425 1556 1561 1606 ardor,

355 1633 630 1687 Subpeditare
659 1632 734 1672 tibi
762 1633 1000 1685 servii-eque
1035 1630 1155 1671 corde
1186 1629 1308 1680 fideli,

350 1709 439 1749 Nos
472 1721 594 1760 prece
625 1704 858 1754 blanditur,
896 1713 941 1744 ut
971 1703 1123 1743 Christi
1153 1704 1305 1755 pascha
1333 1704 1504 1753 colatur,

348 1779 585 1832 Comprime
606 1786 652 1818 tu
665 1778 896 1831 strepitum,
911 1785 1098 1816 nostrum
1120 1790 1286 1829 quoque
1302 1775 1429 1828 dirige
1446 1780 1657 1829 gressum?

213 1859 292 1895 975
352 1855 410 1902 It,
447 1852 581 1902 redit,
611 1859 763 1892 attactu
791 1849 873 1891 levi
903 1848 1166 1889 introducere
1201 1851 1347 1902 coepit,

352 1925 548 1965 Protinus
580 1925 780 1963 intrantes
810 1922 884 1961 has
916 1928 1079 1973 ponunt
1110 1920 1254 1961 ordine
1283 1920 1446 1962 laudes:

354 1995 489 2036 ‘Salve
522 1995 624 2035 festa
656 1993 765 2042 dies,
798 2008 919 2046 quam
954 1992 1122 2033 credens
1147 1993 1374 2045 magnificat
1401 1994 1562 2048 plebs!'

352 2068 443 2108 Hoc
485 2074 578 2118 post
609 2064 809 2105 odecolon
838 2065 1085 2116 graecissant
1117 2065 1222 2104 kirie
1255 2066 1422 2106 eleison.

352 2138 419 2177 Fit
442 2151 528 2178 vox
543 2139 808 2189 omnigenum
828 2138 1042 2177 volucrum
1058 2127 1348 2191 pecudutntlue
1367 2138 1563 2187 ferarum,

214 2215 295 2250 980
352 2209 657 2262 Multiplicique
691 2208 816 2249 modo
846 2222 961 2249 sacra
989 2209 1123 2249 cantio
1153 2217 1347 2261 personat
1378 2216 1510 2255 antro,

357 2281 503 2320 Manes
535 2279 681 2320 devicti
711 2282 850 2331 lugent
879 2294 953 2320 sua
988 2279 1136 2320 damna
1164 2279 1338 2329 revolvi,

358 2351 504 2392 Cetera
533 2359 642 2402 gesta
675 2349 760 2400 dei,
800 2351 942 2389 recolit
974 2364 1078 2403 quae
1110 2351 1260 2403 pagina
1293 2350 1407 2397 libri,

354 2423 515 2474 Lingua
543 2420 706 2472 judaica
734 2428 921 2470 ructant,
962 2435 1186 2475 graecaque
1219 2423 1361 2461 latina.

354 2492 411 2532 Ut
446 2494 655 2545 complent
685 2493 841 2545 apices,
884 2505 988 2544 quos
1019 2494 1160 2533 scribit
1197 2494 1311 2544 virgo
1339 2494 1559 2544 Johanues,

310 2653 377 2684 963
404 2655 615 2684 morarentur
640 2654 681 2685 Α,
781 2654 849 2685 978
875 2651 978 2685 kirrie
