1721 2938
565 171 1096 212 WAL'PHARIUS.
1454 175 1510 216 23

288 325 430 363 Inclita
463 323 634 362 metensi
665 337 787 376 quem
818 322 994 362 Francia
1024 323 1188 364 miserat
1220 326 1315 365 urbi

288 397 570 445 Praefectum,
619 396 691 448 qui
726 394 835 434 dona
864 395 999 433 ferens
1034 393 1254 437 devenerat
1283 398 1355 438 illo

284 469 503 508 Anteriore
538 466 628 517 die,
661 480 787 520 qnam
817 466 1012 518 princeps
1045 477 1217 508 noverat
1249 470 1340 511 ista.

145 542 227 578 585
287 536 369 585 Qui
400 536 501 575 dans
533 537 650 575 frena
689 537 824 585 volat,
862 537 1094 590 rapidoque
1132 540 1362 580 simillimus
1393 541 1506 583 Euro

286 608 553 648 Transcurrit
583 609 759 660 spatium
796 609 958 659 campi,·
979 610 1204 663 juvenique
1238 613 1508 667 propinquat,

283 683 341 721 Ac
373 681 429 721 sic
464 682 694 720 obstantem
724 682 944 733 compellat
974 680 1079 728 ‘dic‚
1120 683 1274 733 homo,
1315 688 1505 738 quisnam

279 752 377 793 Sis?
407 761 477 793 aut
507 752 618 792 unde
650 753 780 801 venis,
819 754 883 793 vel
917 767 1099 806 quonam
1131 769 1302 806 pergere
1331 758 1506 798 tendis?‘

281 825 416 864 Heros
447 826 731 876 magnanimus
761 825 978 878 respondit
1005 826 1102 865 talia
1137 826 1275 866 dicens

143 899 224 934 590
283 896 451 950 ‘Sponte
482 906 553 937 tua
585 898 748 946 venias,
789 913 840 936 an
872 898 953 937 huc
982 905 1022 936 te
1053 898 1209 939 miserit
1239 901 1359 949 ullus,

285 968 399 1008 Scire
431 969 551 1009 velim
567 968 612 1008 ΞΗ
656 969 823 1009 Camelo
865 979 950 1009 tum
986 970 1166 1010 reddidit
1196 986 1269 1012 ore
1299 976 1504 1026 superbo:

279 1040 416 1080 ‘Noris
460 1042 738 1081 Guntharium
769 1056 903 1093 regem
939 1043 1083 1082 tellure
1113 1050 1323 1094 potentem

279 1114 350 1152 Me
384 1114 562 1163 misisse,
596 1123 687 1153 tuas
723 1116 953 1168 quaesitum
986 1129 1157 1166 pergere
1189 1117 1357 1154 causas?

217 1173 314 1228 His
345 1191 581 1229 auscultatis
616 1197 869 1240 suggesserat
902 1190 978 1228 hoc
1011 1188 1248 1229 adolescens

143 1269 223 1304 595
284 1266 447 1316 ‘Ignoro
479 1267 666 1318 penitus,
712 1263 810 1318 quid
843 1279 948 1317 opus
978 1265 1027 1303 sit
1060 1266 1167 1304 sorte
1201 1266 1350 1305 viantis

281 1338 465 1376 Scrutari
496 1352 661 1387 causas3
695 1336 764 1376 sed
799 1351 991 1389 promere
1028 1351 1108 1376 non
1152 1337 1419 1389 trepidamus.

277 1410 538 1448 waltharius
567 1423 715 1458 vocor,
746 1423 797 1448 ex
828 1409 1045 1461 Aquitanis
1075 1421 1165 1446 sum
1197 1417 1430 1458 generatus.

278 1482 313 1519 A
344 1482 527 1532 genitore
559 1495 649 1520 meo
685 1481 868 1520 modicus
897 1495 1026 1532 puer,
1057 1479 1211 1519 obsidis
1244 1495 1352 1531 ergo,

283 1553 383 1592 Sum
420 1553 538 1593 datus
571 1553 620 1592 ad
652 1554 824 1604 Hunos3
869 1554 926 1591 ibi
956 1552 1070 1601 vixi,
1118 1567 1310 1605 nuncque
1342 1556 1503 1603 recessi.

143 1631 224 1665 600
283 1626 546 1678 Concupiens
578 1627 752 1678 patriam
790 1625 1036 1678 dulcemque
1071 1625 1250 1663 revisere
1289 1626 1474 1674 gentem.7

279 1701 432 1739 Missus
452 1699 501 1738 ad
528 1701 652 1738 haec:
681 1699 768 1738 ‘tibi
788 1702 866 1747 jam
898 1697 1029 1736 dictus
1049 1712 1123 1749 per
1147 1711 1210 1736 me
1233 1699 1346 1746 jubet
1367 1699 1502 1747 heros,

281 1772 338 1812 Ut
370 1787 460 1812 cum
494 1772 695 1811 scriniolis
726 1771 906 1823 equitem
952 1769 1021 1808 des
1053 1778 1175 1822 atque
1207 1771 1411 1822 puellam3

278 1844 401 1893 Quod
432 1845 464 1884 si
495 1853 711 1896 promptus
742 1844 847 1894 agis,
889 1844 1009 1882 vitam
1040 1841 1235 1881 concedet
1265 1852 1304 1882 et
1336 1846 1475 1882 artus.⁷

215 1905 496 1960 Walnharius
525 1927 666 1958 contra
697 1917 871 1957 fidenter
900 1918 1071 1970 protulit
1101 1918 1177 1956 ista

143 1999 222 2033 605
281 1993 467 2032 ‘Stultius
498 1992 662 2030 effatum
702 2006 765 2031 me
800 2005 883 2030 non
915 1991 1076 2031 audisse
1109 1990 1333 2043 sophistam

284 2063 490 2103 Arbitror.
523 2076 572 2100 en
597 2075 816 2109 memoras,
835 2060 932 2113 quid
952 2063 1144 2113 princeps
1171 2061 1306 2099 nescio
1326 2061 1391 2098 vel
1413 2060 1504 2112 quis

284 2134 513 2181 Promittat,
560 2131 671 2185 quod
704 2146 787 2171 non
820 2133 990 2180 retinet,
1021 2145 1096 2169 nec
1128 2133 1213 2170 sors
1243 2130 1449 2168 retinebit.

281 2207 346 2244 An
378 2204 478 2245 deus
509 2213 589 2255 est,
623 2214 667 2244 ut
696 2209 786 2255 jure
815 2206 916 2243 milii
947 2203 1170 2244 concedere
1202 2205 1324 2243 vitam

281 2276 446 2318 Possit?
476 2292 573 2316 num
608 2279 798 2317 manibus
829 2277 983 2328 tetigit,
1029 2291 1125 2315 num
1159 2291 1319 2315 carcere
1350 2272 1503 2313 trusit?

143 2353 223 2388 610
280 2350 361 2388 Vel
394 2359 488 2401 post
516 2359 626 2402 terga
658 2365 767 2390 meas
800 2351 918 2389 torsit
953 2364 1028 2401 por
1054 2350 1215 2388 vincula
1246 2344 1433 2398 palmas?

285 2422 474 2461 Attamen
509 2424 719 2462 ausculta:
766 2423 799 2461 si
831 2436 894 2460 me
928 2423 1149 2460 certamine
1182 2422 1306 2468 laxat,

237 2527 307 2557 582
335 2528 491 2559 mettensi
519 2527 559 2561 B.
615 2529 683 2559 58⁴
711 2526 845 2559 nouerit
872 2528 912 2559 Α.
943 2525 972 2558 Ε
1010 2528 1080 2557 588
1106 2525 1200 2556 uenis
1235 2533 1301 2564 quo
1328 2523 1366 2554 Α.
1395 2522 1433 2556 Β.
1460 2521 1501 2555 Ε.

142 2585 212 2617 594
239 2584 320 2618 haec
347 2585 386 2620 C.
439 2588 510 2618 596
536 2587 729 2620 dubitamus
756 2587 797 2619 Β.
821 2587 882 2619 mit
907 2585 1253 2627 sibergeschriebnem
1281 2582 1500 2626 trepidamus.

142 2648 210 2676 603
238 2656 349 2678 arcem
376 2646 415 2679 C.
468 2649 537 2678 605
564 2646 736 2688 sophistae
762 2647 908 2679 Motters
930 2646 1115 2687 unnothige
1141 2645 1327 2687 anderung‚
1351 2645 1416 2677 ane
1435 2644 1504 2678 hss.

143 2705 358 2747 sophistam:
391 2709 460 2737 608
487 2707 676 2739 concedere
703 2708 810 2749 possit
838 2708 879 2741 B.
930 2710 998 2740 609
1026 2708 1128 2740 uitam
1158 2706 1197 2739 B.
