1721 2938
563 136 1058 181 WAL'PHARIUS.
1429 139 1479 182 31

272 290 383 330 Haec
414 289 492 341 ait,
536 298 575 329 et
607 298 751 330 notum
785 290 929 342 vagina
960 289 1100 343 diripit
1133 306 1286 332 ensem.

272 364 387 402 Inter
417 376 460 401 se
491 362 614 402 variis
644 370 846 401 terrarum
878 363 1065 414 partibus
1096 364 1197 413 orti,

273 432 551 473 Concurrunt.
595 433 753 484 stupuit
778 433 966 483 Vosagus
992 434 1090 471 haec
1120 435 1310 486 fulmina,
1335 444 1372 476 et
1394 451 1484 476 ecce

270 506 404 544 Ambo
439 505 634 542 sublimes
664 503 809 542 animis
841 517 885 542 ac
917 504 1141 555 grandibus
1173 507 1317 557 armis,

128 582 209 617 825
268 578 345 615 Hic
376 575 512 628 gladio
545 574 696 623 fidens,
739 575 805 613 hic
835 589 928 614 acer
962 583 1000 614 et
1031 576 1184 617 arduus
1216 580 1350 629 hasta,

263 650 377 688 Inter
405 662 447 688 se
478 649 607 688 multa
639 662 683 686 ac
715 646 850 701 valida
885 646 927 686 vi
961 647 1119 698 proelia
1152 650 1334 689 miscent.

263 721 361 762 Nou
393 721 450 760 sic
480 721 597 771 nigra
623 728 740 760 sonat
772 732 966 771 percussa
994 720 1205 759 securibus
1230 721 1334 772 ilex,

266 792 322 831 Ut
357 790 455 831 dant
484 791 658 830 tinnitus
689 791 850 841 galeae,
889 789 1091 842 clipeique
1118 792 1332 833 resultant.

262 862 469 902 Mirantur
499 862 672 910 Franci,
701 861 814 915 quod
847 876 929 902 non
961 862 1196 902 lassesceret
1227 863 1350 903 heros

124 938 206 972 830
264 934 548 983 VValtharIus,
588 935 654 972 cui
684 936 796 974 nulla
827 934 942 987 quies
973 935 1202 986 spatiumve
1235 934 1424 977 dabatur.

264 1007 541 1055 Emicatliic,
581 1007 748 1060 impune
778 1015 951 1059 putans,
978 1009 1059 1056 jam
1090 1008 1393 1049 wormatiensis

260 1079 377 1127 Alte,
418 1086 457 1117 et
487 1079 648 1118 sublato
679 1079 886 1130 consurgit
919 1078 1100 1119 fervidus
1137 1093 1256 1130 ense;

261 1151 352 1190 Hoc
383 1150 463 1189 ictu
498 1164 730 1191 memorans
759 1159 886 1190 semet
913 1149 1030 1190 finire
1067 1150 1263 1192 duellum.

261 1221 466 1262 Providus
500 1231 539 1261 at
566 1224 729 1271 juvenis
761 1223 976 1262 ferientem
1009 1222 1176 1274 cuspide
1207 1222 1350 1264 adacta

120 1298 200 1334 835
260 1295 499 1346 Intercepit,
534 1303 571 1334 et
601 1296 786 1347 ignarum
820 1295 1022 1335 dimittere
1057 1296 1213 1334 serrum

260 1365 451 1416 Cogebat.
507 1368 651 1418 procul
683 1368 723 1406 in
756 1366 888 1406 dumis
919 1365 1172 1419 resplenduit
1202 1368 1323 1408 ensis,

256 1439 354 1488 Ilic,
393 1438 465 1477 ubi
495 1452 535 1477 se
569 1438 703 1490 gladio
733 1439 954 1491 spoliatum
986 1438 1088 1478 vidit
1118 1440 1269 1489 amico,

255 1509 491 1549 Accelerare
524 1510 661 1560 sugam
692 1511 940 1562 fruticesque
973 1511 1138 1549 volebat
1168 1509 1296 1553 adire.

256 1580 522 1633 Alpharides,
553 1582 679 1621 fretus
709 1581 884 1635 pedibus
914 1581 1120 1634 viridique
1149 1584 1338 1633 juventa,

117 1655 198 1693 840
256 1654 492 1706 Insequitur
522 1653 660 1693 dicens
700 1655 900 1708 ‘quonam
934 1652 1069 1705 sugis?
1110 1655 1246 1707 accipe
1284 1658 1471 1697 scutum]

255 1725 320 1765 Sic
350 1726 428 1776 ait,
469 1735 591 1779 atque
622 1727 781 1766 hastam
810 1726 1002 1766 manibus
1034 1728 1141 1767 levat
1173 1729 1285 1767 ocius
1317 1731 1470 1780 ambis,

254 1798 305 1836 Et
336 1799 443 1838 serit.
502 1799 574 1837 llle
615 1798 742 1850 cadit,
785 1799 943 1851 clipeus
971 1800 1256 1851 superintonat
1284 1802 1441 1852 ingens.

258 1870 344 1909 Nec
374 1869 504 1910 tardat
531 1871 717 1921 juvenis3
759 1870 863 1923 pede
894 1871 1043 1910 collum
1073 1871 1242 1922 pressit,
1287 1881 1324 1912 et
1354 1874 1469 1913 hasta

253 1944 466 1983 Divellens
496 1959 680 1996 parmam
710 1943 848 1983 telluri
882 1942 1074 1982 infixerat
1103 1943 1233 1983 illum.

115 2017 195 2054 845
254 2015 345 2067 Ipse
381 2016 520 2054 oculos
550 2023 713 2055 vertens
748 2014 924 2054 animam
956 2015 1136 2054 sufflavit
1165 2016 1207 2054 in
1238 2029 1371 2054 auras.

254 2086 405 2126 Sextus
424 2095 509 2126 erat
526 2085 733 2127 Patavrid.
759 2099 878 2127 soror
894 2072 1005 2125 hunc
1021 2100 1213 2138 germana
1226 2087 1465 2143 Haganonis

249 2157 427 2196 Protulit
456 2157 507 2197 ad
537 2160 683 2200 lucem.
729 2172 850 2210 quem
882 2156 979 2196 dum
1009 2157 1233 2210 procedere
1265 2157 1387 2207 vidit,

250 2229 435 2269 Vocibus
466 2238 503 2268 et
534 2230 724 2282 precibus
754 2238 928 2270 conatur
960 2231 1192 2269 avunculus
1220 2227 1316 2268 inde

252 2301 449 2350 Flectere,
469 2304 725 2353 proclamans
755 2303 949 2355 ‘quonam
969 2299 1087 2340 ruis?
1117 2301 1251 2353 aspice
1277 2308 1462 2350 mortem,

112 2374 192 2408 850
251 2369 459 2419 ‘Qualiter
487 2370 661 2411 arridet!
704 2371 866 2412 desiste.
918 2386 968 2411 en
1003 2373 1145 2410 ultima
1171 2372 1321 2411 Parcae

254 2442 343 2481 Fila
371 2444 523 2494 legunt.
582 2458 605 2484 o
636 2457 726 2483 care
757 2458 907 2496 nepos,
940 2453 978 2483 te
1012 2456 1126 2483 mens
1158 2450 1227 2482 tua
1258 2442 1373 2481 fallit.

201 2607 270 2638 823
300 2615 447 2649 uosegus
473 2606 512 2639 B.
548 2612 583 2640 et
608 2609 695 2642 ictus
718 2609 760 2642 B.
823 2611 893 2642 827
919 2618 985 2640 non
1010 2607 1059 2640 sic
1082 2606 1178 2648 nigra
1202 2606 1270 2640 ilex
1296 2614 1456 2649 percussa

107 2667 283 2702 securibus
310 2672 410 2702 sonat
435 2669 475 2702 A.
549 2670 618 2702 833
645 2668 697 2703 hic
723 2670 762 2704 C.
835 2670 906 2702 845
933 2676 1048 2700 auram
1077 2668 1115 2700 Α.
