1721 2938
550 135 1047 180 WALTHARIUS.
1418 144 1470 185 11

260 285 390 334 ‘Quid
414 286 553 338 lingua
573 289 757 338 simulas,
792 289 903 342 quod
928 292 978 329 ab
1002 290 1085 330 imo
1110 299 1274 342 pectore
1293 291 1474 354 damnas,

262 356 428 410 Oreque
457 360 703 410 persuades,
742 369 828 400 toto
859 361 971 413 quod
1002 361 1124 402 corde
1156 362 1345 403 refutas?

263 429 325 468 Sit
355 431 484 470 veluti
510 433 629 469 talem
664 431 802 483 pudor
830 432 974 482 ingens
1007 432 1155 473 ducere
1187 437 1389 487 nuptam.’

119 502 202 540 240
260 502 339 540 Vir
365 501 529 552 sapiens
560 510 703 540 contra
733 503 948 554 respondit
979 512 1017 542 et
1046 504 1183 544 intulit
1212 506 1290 545 ista

258 573 400 620 ‘Absit,
432 571 544 624 quod
571 572 797 612 memoras!
829 573 1091 613 dextrorsum
1112 578 1275 627 porrige
1296 592 1475 621 sensum.

255 644 403 694 Notis,
445 658 510 682 me
540 635 716 683 nihilum
747 646 936 686 simulata
971 655 1105 686 niente
1138 649 1346 700 locutun13

259 716 346 755 Nec
381 716 600 769 quicquam
635 719 810 756 nebulae
841 719 907 758 vel
940 719 1028 757 salsi
1063 719 1261 759 interfore
1292 722 1425 763 crede.

260 789 410 827 Nullus
441 788 574 838 adest,
615 791 736 828 nobis
767 790 947 841 exceptis
978 805 1157 843 namque
1190 791 1366 834 duobus.

119 862 200 899 245
261 860 304 900 Si
324 874 486 900 nossem
505 869 628 900 temet
650 862 750 900 mihi
775 870 1007 915 promptam
1028 863 1266 914 impendere
1288 874 1477 917 mentem,

259 934 395 986 Atque
426 932 548 972 fidem
579 935 683 973 votis
715 947 880 974 servare
911 949 988 985 per
1023 936 1163 974 omnia
1198 938 1348 987 cautis;

260 1005 446 1044 Pandere
482 1015 625 1045 cuncta
660 1007 732 1046 tibi
767 1005 902 1046 cordis
934 1007 1116 1046 misteria
1152 1009 1328 1048 vellem?

214 1060 429 1118 Tandem
460 1081 598 1131 virgo,
637 1081 715 1120 viri
745 1083 917 1132 genibus
950 1090 1141 1131 curvata,
1177 1085 1370 1135 profatur

256 1151 332 1191 ‘Ad
355 1166 628 1206 quaecunque
651 1167 771 1192 vocas
796 1167 879 1203 me,
908 1153 1077 1203 domne,
1110 1168 1261 1207 sequar
1279 1156 1474 1205 studiose,

119 1230 201 1264 250
260 1225 346 1265 'Nec
379 1228 598 1279 quicquam
631 1227 788 1278 placitis
819 1228 955 1266 malim
988 1240 1246 1278 praeponere
1275 1229 1424 1276 jussis.²

258 1298 330 1336 Ille
364 1296 512 1336 dehinc
546 1298 676 1349 ‘piget
709 1299 822 1337 exilii
852 1313 915 1337 me
948 1296 1126 1350 denique
1158 1298 1309 1347 nostri,

261 1368 311 1406 Et
343 1369 496 1418 patriae
525 1368 625 1407 flues
656 1369 900 1407 reminiscor
929 1383 1050 1419 saepe
1081 1370 1270 1407 relictos:

259 1438 501 1490 Idcircoque
532 1440 668 1489 sugam
701 1439 822 1490 cupio
857 1439 1034 1476 celerare
1065 1440 1281 1487 latentem3

258 1508 381 1557 Quod
412 1514 492 1559 jam
525 1523 626 1560 prae
662 1498 800 1548 multis
837 1510 1061 1560 potuissem
1095 1510 1199 1548 forte
1232 1509 1397 1560 diebus,

120 1587 200 1621 255
261 1582 304 1620 Si
336 1596 418 1621 non
449 1580 716 1632 Hiltgundem
747 1582 875 1620 solam
908 1595 1124 1620 remanere
1156 1582 1365 1621 dolerem.’

259 1653 428 1693 Addidit
460 1655 533 1692 lias
565 1654 647 1692 imo
684 1655 923 1703 virguncula
957 1653 1080 1692 corde
1112 1655 1298 1707 loquelas

257 1727 436 1764 ‘Verum
469 1727 573 1765 velle
608 1739 765 1773 meum,
807 1725 904 1765 solis
935 1726 997 1764 his
1029 1734 1170 1765 aestuo
1203 1729 1346 1776 rebus,

262 1798 490 1849 Praecipiat
521 1796 736 1845 dominus,
776 1810 848 1835 seu
880 1810 1079 1848 prospera
1109 1797 1194 1835 sive
1230 1798 1414 1845 sinistra,

261 1869 359 1919 Ejus
390 1883 530 1908 amore
561 1869 644 1920 pati
675 1877 761 1908 toto
792 1883 880 1908 sum
912 1877 1079 1920 pectore
1110 1869 1300 1919 praesto.’

120 1946 202 1980 260
261 1941 523 1981 WYaltharius
554 1940 716 1980 tandem
748 1942 804 1979 sic
837 1941 1004 1990 virginis
1037 1941 1171 1993 inquit
1201 1941 1245 1978 in
1277 1953 1416 1978 aurem

261 2012 453 2051 ‘Publica
487 2011 696 2050 custodem
727 2014 854 2050 rebus
884 2021 923 2051 te
954 2026 1101 2064 nempe
1131 2019 1311 2062 potestas

260 2082 451 2131 Fecerat,
492 2081 645 2121 idcirco
677 2095 837 2121 memor
870 2083 969 2122 llaec
999 2096 1090 2121 mea
1119 2083 1246 2121 verba
1276 2079 1444 2122 notato:

260 2154 452 2206 Inprimis
486 2155 640 2204 galeam
672 2153 776 2203 regis
813 2154 1074 2205 tunicamque
1106 2154 1281 2192 trilicem

261 2227 435 2274 Assero,
475 2226 644 2264 loricam
675 2226 890 2263 fabrorum
921 2225 1080 2276 insigne
1110 2226 1312 2264 serentem

191 2355 262 2385 237
283 2354 373 2394 quod
394 2353 436 2384 ab
457 2353 495 2387 C.
553 2355 623 2391 238
649 2363 707 2386 ore
727 2353 804 2386 mihi
825 2354 925 2395 fingis
945 2357 1019 2386 toto
1039 2353 1084 2385 H,
1111 2352 1203 2394 quod
1222 2355 1295 2384 toto
1316 2349 1417 2382 corde
1436 2349 1474 2382 D.

121 2413 191 2444 240
207 2413 413 2455 respondeus
433 2414 564 2445 rettulit
583 2414 625 2447 D.
672 2416 743 2445 242
764 2414 850 2446 nolis
869 2424 923 2446 me
943 2412 1101 2446 nichilum
1123 2413 1162 2445 D.
1213 2413 1281 2443 243
1304 2410 1416 2442 nebuli
1436 2409 1478 2444 D.

123 2472 250 2504 fraudis
276 2474 328 2504 vel
355 2473 428 2505 salsi
455 2474 481 2505 l.
556 2476 625 2505 245
659 2478 765 2506 temet
793 2484 870 2506 num
905 2477 1071 2516 promtam
1099 2473 1140 2504 D.
1214 2473 1282 2502 246
1315 2470 1409 2501 vocis
1433 2469 1475 2499 D.

122 2534 192 2564 249
225 2537 261 2563 at
293 2541 495 2573 quocunque
528 2533 570 2564 D.
650 2535 720 2565 250
755 2535 831 2566 mali
869 2534 908 2568 D.
991 2536 1057 2564 251
1096 2533 1188 2565 exitu
1223 2530 1260 2571 (2
1288 2530 1401 2569 exitii)
1432 2530 1475 2564 D.

122 2593 191 2622 253
220 2591 365 2624 meditor
390 2591 414 2623 1.
471 2593 541 2623 255
567 2591 776 2633 hittgundam
799 2595 840 2626 D.
889 2596 958 2626 257
985 2592 1067 2625 fehlt
1096 2595 1135 2624 A.
1152 2593 1190 2624 C.
1211 2591 1251 2623 D.
1273 2591 1298 2623 Ι.
1349 2593 1419 2622 260
1444 2591 1476 2622 ἰιι

123 2661 204 2684 aure
232 2651 270 2684 D.
345 2654 408 2684 261
441 2656 474 2683 te
501 2651 601 2684 rebus
627 2662 780 2694 namque.
854 2655 922 2685 264
953 2652 1060 2685 affero
1088 2652 1144 2693 (ἵ)
1173 2653 1210 2684 Α.
1247 2651 1330 2684 affer
1358 2650 1400 2683 Η.
