1721 2938
422 103 824 148 RUODLIEB
884 105 1039 159 fragm.
1069 103 1146 145 111.
1377 108 1408 146 ι’

1401 108 1425 147 ω

1430 109 1455 148 0·

256 260 352 298 Non
387 259 481 299 volo
510 259 775 310 peccuniam,
824 257 915 296 sitio
945 265 1105 308 gustare
1134 256 1348 309 sophiam.'

218 342 221 347 ¹
251 330 341 369 IIoc
369 342 445 368 rex
474 327 639 368 audito:
673 329 871 377 ‘mecum’,
902 341 1072 379 surgens
1104 327 1183 377 ait,
1222 328 1316 367 ‘ito.'

251 403 296 441 In
336 402 604 454 penetralque
636 398 788 450 pedam
814 401 974 437 nullum
1004 413 1226 452 secumque
1257 400 1457 440 sinebant.

251 475 341 514 Rex
372 472 557 513 residens
585 484 663 522 pro
698 485 739 510 se
770 479 869 510 tunc
902 472 1024 511 exule
1053 479 1185 510 stante
1218 473 1363 512 cliente

112 553 193 589 450
253 547 427 586 Dixerat
457 545 500 583 in
529 543 697 595 primis:
730 543 853 582 ‘nunc
889 543 985 582 audi
1014 543 1150 583 cordis
1181 546 1232 583 ab
1263 546 1368 595 imis,

253 618 368 667 Quae
400 617 475 656 tibi
504 615 695 668 praedico
728 629 800 654 ceu
832 629 954 656 verus
986 617 1140 654 amicus
1173 618 1330 657 amico:

176 690 219 746 1)
248 692 345 731 Non
378 691 450 730 tibi
479 689 530 729 sit
559 689 679 729 rufus
714 702 897 741 unquam
927 687 1113 740 specialis
1145 688 1311 728 amicus.

251 761 297 800 Si
328 760 373 800 fit
402 762 435 799 is
468 760 618 809 iratus,
650 772 732 797 non
767 767 825 797 est
853 757 949 797 fidei
982 766 1253 808 memoratus3

251 834 357 874 Nam
388 833 609 874 vehemens
641 830 730 870 dira
760 831 838 869 sibi
869 839 947 870 stat
977 830 1176 870 durabilis
1206 831 1281 870 ira.

111 907 192 944 455
251 905 353 944 Tam
386 906 520 962 bonus
545 903 646 941 haut
670 901 815 953 fuerit,
848 902 985 955 aliqua
1007 903 1119 941 fraus
1139 903 1237 955 quin
1261 903 1300 941 in
1325 916 1372 943 eo
1395 903 1459 953 sit,

253 976 386 1024 Quam
418 975 549 1016 vitare
578 973 748 1027 nequis,
782 973 881 1026 quin
915 986 967 1011 ex
994 974 1069 1012 hac
1099 974 1431 1018 commaculeris3

250 1049 358 1088 Nam
385 1045 590 1099 tangendo
616 1045 744 1099 picem
766 1047 833 1085 vix
852 1045 1092 1098 expurgat-is
1118 1046 1165 1085 ad
1190 1061 1381 1097 unguem.
1403 1070 1460 1076 ——

176 1118 220 1173 2)
251 1120 449 1168 Quamvis
482 1133 659 1162 coenosa
694 1134 768 1171 per
792 1120 925 1158 villam
959 1120 1006 1158 sit
1039 1119 1102 1159 via
1135 1119 1239 1167 trita,

249 1193 488 1245 Numquam
515 1191 668 1231 devites
698 1193 861 1240 callem,
892 1204 974 1243 quo
1003 1205 1078 1243 per
1105 1200 1190 1230 sata
1216 1205 1374 1242 pergas,

113 1269 194 1304 460
252 1267 317 1306 ‚Ne
350 1266 453 1304 male
486 1266 667 1304 tracteris
699 1277 919 1315 careasque
954 1263 1031 1301 tuis
1060 1264 1119 1302 ibi
1148 1263 1274 1302 frenis

252 1336 477 1388 Correptus
501 1350 576 1387 per
591 1350 711 1387 quem
731 1348 976 1386 responsum
995 1333 1132 1374 dando
1148 1336 1389 1386 superbum.
1407 1358 1461 1364 —

180 1408 221 1463 3)
253 1409 346 1458 Quo
378 1409 538 1457 videas,
567 1412 757 1457 juvenem
787 1407 897 1460 quod
930 1408 1051 1446 habet
1076 1408 1214 1447 senior
1234 1410 1461 1455 mulierem,
1496 1462 1502 1463 ἶ

252 1480 488 1532 Hospitium
522 1479 651 1518 tribui
683 1479 756 1517 libi
791 1493 873 1518 non
906 1493 1051 1530 poscas
1081 1480 1270 1529 iteranti3

253 1553 299 1590 ln
329 1559 365 1590 te
398 1565 491 1590 nam
525 1565 709 1602 magnam
743 1551 842 1591 sacis
874 1553 1016 1592 insons
1050 1552 1341 1603 suspicionem.

114 1628 195 1664 465
253 1624 330 1662 liic
359 1624 487 1673 limet,
518 1624 617 1662 haec
649 1631 805 1675 sperat,
838 1625 921 1663 sors
951 1625 1060 1662 inter
1089 1638 1165 1667 eos,
1186 1624 1242 1662 ita
1273 1634 1420 1664 versat.

252 1697 325 1736 Ast
357 1697 429 1734 ubi
457 1697 521 1735 vir
550 1695 714 1735 viduam
745 1697 906 1744 juvenis
937 1704 1071 1735 teneat
1102 1703 1349 1745 veteranam,

256 1768 493 1821 Hospitium
522 1780 668 1819 posce3
700 1782 782 1807 non
815 1770 880 1808 hic
905 1769 1031 1819 timet,
1059 1770 1159 1808 hacc
1182 1783 1257 1808 nec
1278 1779 1386 1809 amat
1412 1780 1462 1820 te,

252 1840 441 1893 Tu[que]
473 1841 533 1879 ibi
559 1852 702 1878 secure
737 1839 893 1878 dormis
925 1842 1013 1880 sine
1044 1841 1291 1893 suspicione.
1320 1867 1379 1873 ——

178 1911 222 1966 4)
251 1914 388 1952 Poscit
419 1912 469 1952 ad
498 1910 725 1951 occandum
756 1912 791 1950 si
821 1921 858 1951 te
890 1912 1069 1953 concivis
1101 1915 1276 1964 agellum
1462 1923 1613 1956 solsol).

115 1987 197 2024 470
255 1986 310 2024 Ut
339 1993 568 2036 praestetur
598 1997 705 2036 equa
734 1983 960 2033 generandi
992 1994 1177 2036 tempore
1216 1986 1337 2035 foeta,

255 2055 355 2095 Noli
388 2064 619 2107 praestare,
656 2055 701 2093 ni
730 2056 788 2094 vis
823 2056 928 2094 hanc
960 2055 1222 2107 degenerare,

255 2128 363 2167 Nam
391 2127 534 2181 perdet
570 2127 729 2180 pullum
759 2127 794 2166 si
822 2128 1073 2178 planificabit
1102 2130 1291 2179 agellum.
1333 2152 1390 2159 —

184 2197 227 2251 5)
255 2200 350 2239 Non
383 2200 456 2239 tibi
484 2207 566 2239 tam
597 2200 722 2238 karus
752 2200 801 2238 sit
832 2199 1074 2239 contribulis
1110 2207 1206 2238 tuus
1238 2200 1357 2248 ullus,

256 2271 463 2320 Quatinus
494 2273 605 2311 hunc
633 2285 753 2324 saepe
784 2272 916 2311 soleas
946 2270 1118 2312 visendo
1148 2286 1334 2322 gravare,

119 2346 200 2382 475
257 2345 440 2397 Plusque
464 2347 567 2384 solet
588 2358 729 2383 rarum
756 2358 881 2397 quam
913 2345 1154 2384 continuum
1185 2346 1272 2384 sore
1302 2346 1465 2393 karum,

260 2415 366 2454 Nam
382 2417 462 2456 cito
484 2417 640 2456 vilescit
652 2417 812 2456 homini
826 2415 1117 2470 quodcumque
1132 2417 1327 2468 frequens
1342 2415 1463 2455 fit.—

186 2483 229 2539 6)
259 2486 460 2525 Ancillam
492 2489 702 2539 propriam
735 2489 922 2541 quamvis
951 2489 1123 2528 nimium
1152 2488 1378 2539 speciosam

262 2558 359 2597 Non
390 2559 504 2597 velut
534 2571 709 2598 uxorem
739 2561 863 2599 facias
893 2560 966 2599 tihi
995 2559 1280 2608 consocialem,

264 2630 327 2670 Ne
358 2638 591 2672 contemnat
620 2639 656 2670 te
687 2631 763 2670 tibi
792 2631 1079 2684 respondendo
1107 2631 1296 2684 superbe,
