1721 2938
546 139 1039 183 WAL'PHARIUS.
1422 144 1474 185 17

260 296 393 347 Atque
424 294 530 334 viam
562 294 725 346 penitus
755 292 986 333 clausissem
1020 292 1113 334 vivo
1138 294 1326 335 talentis?

265 365 345 406 Sed
379 368 518 405 nullus
549 366 627 404 fuit
656 366 701 404 in
729 373 844 404 tauta
876 364 1042 415 regione
1073 373 1296 417 tyrannus,

263 440 342 479 Vel
372 438 457 477 dux
486 439 571 478 sive
603 450 739 476 comes
768 449 841 475 seu
874 437 990 475 miles
1021 437 1106 477 sive
1135 438 1340 490 minister,

124 513 204 550 410
265 509 372 559 Qui,
416 508 602 561 quamvis
634 516 802 560 cuperet
830 509 1021 559 proprias
1050 508 1265 550 ostendere
1295 514 1424 563 vires,

264 584 322 620 Ac
355 582 508 619 virtute
537 593 612 618 sua
643 579 805 619 laudem
840 589 1003 630 captare
1033 594 1284 631 perennem,

275 654 546 705 Ambiretque
577 652 699 691 simul
729 665 869 702 gazam
901 643 1095 690 infarcire
1124 655 1352 705 crumenis,

267 724 547 763 VValtharium
582 732 718 762 tamen
748 724 899 762 iratum
932 726 1254 776 praesumpserit
1288 730 1426 768 armis*

266 796 493 848 Insequier,
526 796 750 848 strictoque
778 796 914 835 virum
947 810 1145 835 mucrone
1175 797 1329 838 videre.

124 868 206 907 415
265 867 376 906 Nota
399 866 590 920 equidem
614 867 765 916 virtus,
792 868 952 919 experti
971 877 1064 907 sunt
1085 883 1273 922 quoque,
1307 883 1480 924 quantas

265 941 489 979 Incolumis
522 938 681 977 dederit
713 947 861 990 strages
892 940 978 979 sine
1013 943 1184 981 vulnere
1214 943 1357 984 victor.

267 1009 354 1049 Nec
385 1013 492 1062 potis
525 1019 585 1049 est
614 1011 746 1049 ullum
776 1025 850 1049 rex
879 1012 1126 1064 persuadere
1157 1014 1364 1065 virorum,

267 1080 349 1128 Qui
378 1083 581 1134 promissa
610 1082 707 1122 velit
738 1082 813 1121 hac
843 1083 1080 1123 conditione
1114 1087 1279 1127 talenta.

222 1139 512 1195 Waltharius
551 1157 737 1207 fuglens,
778 1165 822 1196 ut
854 1156 962 1207 dixi,
1005 1160 1195 1198 noctibus
1222 1161 1320 1209 ivit,

127 1218 233 1267 420'
269 1229 406 1281 Atque
437 1227 503 1267 die
530 1229 656 1267 saltus
689 1230 940 1282 arbustaque
971 1229 1095 1269 densa
1125 1234 1362 1285 requirens,

265 1299 364 1337 Arte
395 1299 607 1338 accersitas
634 1300 789 1350 pariter
817 1301 921 1352 capit
949 1309 1033 1340 arte
1063 1304 1276 1353 volucres,

268 1370 391 1409 Nunc
422 1371 568 1410 fallens
597 1371 733 1419 visco,
774 1385 884 1410 nunc
916 1371 1011 1412 fisso
1042 1371 1221 1426 denique
1249 1375 1375 1425 ligno.

264 1441 338 1479 Ast
374 1441 447 1479 ubi
475 1441 663 1492 pervenit
695 1455 777 1494 qua
806 1441 977 1480 flumina
1007 1456 1132 1483 curva
1165 1444 1371 1495 fluebant,

266 1513 493 1551 Immittens
523 1512 692 1551 hamum
722 1514 858 1564 rapuit
889 1514 965 1552 sub
997 1514 1153 1564 gurgite
1183 1515 1401 1567 praedam,

130 1585 210 1624 425
270 1584 404 1636 Atque
437 1582 554 1622 famis
584 1591 737 1635 pestem
768 1584 927 1635 pepulit
957 1584 1170 1625 tolerando
1201 1588 1401 1628 laborem.

269 1655 459 1708 Namque
491 1655 607 1706 fugae
641 1664 726 1694 toto
758 1669 799 1694 se
832 1662 1016 1707 tempore
1048 1657 1217 1707 virginis
1247 1673 1326 1698 usu

275 1727 490 1768 Continuit
520 1727 584 1765 vir
614 1727 899 1775 waltharius,
940 1725 1157 1768 laudabilis
1188 1731 1327 1772 heros.

237 1784 358 1840 Ecce
388 1810 534 1853 quater
563 1801 689 1840 denos
722 1802 781 1840 sol
814 1801 1140 1840 circumflexerat
1169 1804 1315 1854 orbes,

271 1877 336 1915 Ex
365 1890 448 1929 quo
479 1876 714 1928 pannonica
745 1876 880 1914 suerat
911 1874 1115 1926 digressus
1148 1878 1198 1915 ab
1231 1878 1357 1928 urbe3

134 1949 215 1986 430
273 1948 368 1998 Ipso
392 1949 550 2000 quippe
579 1947 666 1996 die,
708 1961 926 1986 numerum
955 1949 1027 2000 qui
1059 1949 1258 1988 clauserat
1284 1950 1431 1999 istum,

276 2018 460 2057 Venerat
493 2017 542 2056 ad
576 2019 771 2069 fluvium,
806 2022 887 2068 jam
921 2033 1089 2071 vespere
1122 2029 1208 2058 tum
1238 2019 1466 2071 mediante,

274 2087 436 2128 Scilicet
464 2088 515 2127 ad
546 2089 763 2137 Rhenum,
801 2103 884 2142 qua
917 2104 1060 2129 cursus
1090 2088 1220 2128 tendit
1252 2088 1302 2129 ad
1329 2093 1477 2131 urbem

277 2160 456 2200 Nomine
488 2161 766 2201 VVormatiam
796 2162 923 2212 regali
953 2160 1048 2200 sede
1078 2161 1291 2202 nitentem.

279 2231 365 2270 Illic
394 2245 471 2283 pro
503 2233 628 2272 naulo
661 2232 790 2283 pisces
824 2230 936 2270 dedit
967 2240 1086 2270 antea
1117 2240 1282 2282 captos,

138 2304 218 2342 435
276 2302 328 2341 Et
357 2316 455 2342 mox
484 2304 757 2354 transpositus
795 2300 977 2352 graditur
1004 2310 1278 2354 properanter
1305 2300 1491 2339 anhelus.

218 2434 286 2464 407
313 2432 441 2464 Molter
464 2434 575 2474 ρ.227
602 2442 745 2473 namque
772 2431 860 2463 uiam
887 2430 1020 2473 penitus
1046 2428 1126 2460 uoui
1152 2427 1314 2459 clausisse
1342 2425 1489 2464 talentis,

139 2490 225 2522 doch
251 2492 330 2523 uiuo
355 2491 444 2524 stelit
463 2494 502 2525 Α.
519 2492 558 2523 Β.
592 2493 666 2535 ipse
692 2492 718 2525 Ι.
767 2494 836 2523 409
860 2491 913 2522 vel
939 2499 1054 2523 comes
1080 2488 1106 2521 1.
1157 2490 1224 2520 413
1251 2495 1491 2529 praesumpse-

141 2557 192 2583 rat
217 2551 243 2584 1.
293 2553 360 2583 415
379 2556 521 2593 quantos
538 2552 577 2585 C.
627 2555 695 2585 416
719 2552 905 2584 incolomes
922 2552 960 2582 A.
986 2548 1162 2581 incolumis
1180 2548 1219 2579 B.
1249 2547 1434 2578 incolumes
1448 2545 1486 2576 C.

142 2612 173 2642 in
197 2611 294 2643 bellis
315 2611 341 2643 1.
391 2613 459 2643 419
483 2611 552 2643 ibat
566 2611 604 2643 C.
655 2614 722 2643 421
746 2612 926 2644 arcessitas
944 2609 985 2641 B.
1017 2609 1094 2650 Ipse
1119 2608 1302 2639 accersitos
1323 2607 1443 2649 partim
1462 2606 1491 2642 l.

141 2673 211 2702 422
237 2681 299 2703 nec
316 2689 360 2695 -
378 2681 440 2704 nec
458 2670 496 2703 C.
546 2672 614 2703 423
635 2681 702 2712 quo
722 2671 761 2705 C.
811 2673 878 2703 431
901 2670 1023 2703 flumen
1044 2668 1086 2700 C.
1134 2669 1204 2700 432
1222 2668 1278 2709 qui
1299 2677 1432 2701 cursum
1449 2666 1488 2700 C.

1107 2738 1131 2770 2
