1721 2938
671 106 975 151 UNIBOS.
1410 113 1495 154 359

437 263 496 301 De
527 264 749 302 vitulorum
783 266 916 313 coriis,

438 335 501 373 De
529 335 754 375 vitularum
783 337 938 387 spoliis.

307 412 373 446 37.
435 407 509 444 t-Iic
539 413 680 446 noster
708 421 866 459 pauper
899 408 1048 447 unibos

433 478 567 517 Habet
612 479 762 518 multos
797 478 1003 525 denarios,

431 549 547 598 Quos
584 564 667 588 non
701 561 912 591 mensurat
944 566 1130 600 numero,

431 621 510 661 Sed
543 624 696 662 serrato
728 625 922 664 sextario.

300 701 366 736 38.
426 696 497 735 Est
530 696 766 735 fortunatus
799 697 935 736 subito

428 767 562 806 Unius
596 768 712 819 pellis
745 769 891 820 pretio,

427 837 561 886 Quam
594 839 780 879 vendidit
810 841 852 902 in
886 841 1091 893 proximo,

427 912 587 950 Eventu
626 913 871 952 felicissimo.

298 989 363 1022 25¹).
423 983 518 1023 Non
552 991 611 1022 cst
647 998 752 1036 opus
783 986 860 1023 sub
891 983 1090 1022 imbribus

422 1057 551 1094 Arare
585 1055 703 1095 nobis
734 1057 923 1108 amplius,

427 1128 469 1166 Si
504 1127 688 1179 probatiS
719 1142 802 1167 una
832 1127 896 1168 die

425 1200 693 1252 Locupletem
724 1200 773 1239 de
806 1213 1002 1252 paupere.

298 1273 363 1311 40.
423 1271 504 1311 Sed
538 1270 651 1324 quod
684 1286 810 1311 narro
842 1272 1131 1311 commercium

422 1344 640 1386 Occultum
670 1345 720 1383 sit
754 1359 827 1397 per
859 1343 1062 1389 triduunn

421 1416 464 1455 Si
500 1425 732 1469 trapezetae
763 1426 965 1469 saperent,

422 1489 648 1537 Argentum
681 1501 894 1540 nunquam
928 1486 1161 1524 tunderent.

294 1560 359 1596 41.
420 1558 488 1596 Est
521 1559 623 1598 facta
653 1558 948 1598 demonstratio

417 1630 662 1669 Commercii
694 1630 744 1669 tle
777 1630 1016 1678 commodo;

423 1703 508 1741 Fiat
541 1701 795 1749 deliberatio,

418 1774 526 1820 Quid
559 1775 678 1814 nobis
709 1775 758 1814 sit
790 1776 831 1813 in
864 1772 1050 1813 animo?

295 1850 358 1885 42.
420 1847 479 1886 Ad
517 1849 615 1887 haec
650 1848 861 1899 suspirans
892 1847 1109 1899 presbyter

418 1920 536 1958 Prior
570 1919 780 1970 respondit
811 1920 998 1971 impiger,

423 1994 573 2030 Plenus
605 2005 738 2031 novae
767 1991 944 2030 laetitiae

418 2066 640 2116 Plusquam
672 2065 800 2116 possit
831 2062 1063 2103 ostendere.

293 2141 358 2175 43.
419 2136 462 2174 Si
495 2135 724 2175 imitaretur
754 2138 990 2184 tuiibovem,

417 2208 560 2257 Uxor,
592 2223 714 2261 quam
748 2208 848 2248 duxi
879 2210 1074 2255 nobilem,

418 2281 499 2319 Pro
532 2281 634 2320 tanti
664 2282 766 2320 lucri
801 2296 871 2334 spe
904 2285 1014 2321 bona

412 2354 514 2393 Mox
544 2363 700 2393 careret
729 2355 960 2406 pellicula..

289 2428 356 2464 ⁴4.
414 2427 516 2465 Mox
552 2430 681 2476 major
712 2427 830 2466 villae
866 2426 1022 2470 tertius,

414 2497 602 2535 Habendi
633 2499 696 2534 cui
730 2512 813 2536 non
846 2507 905 2537 est
936 2496 1094 2541 modim,

415 2570 531 2614 Quae
562 2568 747 2619 concepit
777 2582 829 2606 ex
859 2569 996 2607 fabula

417 2638 624 2680 Eructavit
655 2639 862 2691 prodigia:
