1721 2938
269 91 354 132 314
767 91 1113 137 ECBASIS.

1542 185 1618 192 ——--

476 257 598 284 serm.
630 243 683 282 ΙΙ.
714 247 761 295 6,
794 248 899 286 165:
940 251 1161 290 exstructis
1201 251 1364 292 inerant
1398 255 1589 297 hesterna

571 316 775 355 canistris.

269 390 362 425 186.
418 383 569 426 Omnia
601 387 803 428 distractis
836 396 1028 431 co'cssmens
1061 393 1234 434 obsonia
1267 395 1390 445 gazis.

471 472 594 498 serm.
625 461 655 500 Ι.
686 466 725 509 2,
758 466 806 502 9:
853 462 1003 504 Omnia
1030 465 1240 506 conductis
1272 472 1461 509 coe'mens
1493 473 1615 511 obso-

472 532 541 570 nia
575 535 768 573 nummis,

263 607 360 643 207.
418 604 505 643 Nec
537 604 673 645 studio
707 606 884 646 citharae
915 622 990 647 nec
1020 622 1160 648 musae
1193 609 1354 651 deditus
1385 614 1471 654 ulli.

468 690 586 716 serm.
615 679 668 717 II.
704 683 741 727 3,
777 682 870 719 105.

261 749 358 787 214.
416 747 474 787 Ut
519 750 628 788 canis
669 764 692 788 a
728 751 841 789 corio
880 766 1094 807 nunquam
1136 755 1435 795 absterrebitur
1471 764 1609 798 uncto.

469 835 589 860 serm.
620 823 671 870 ΙΙ,
704 827 741 871 5,
775 827 843 862 81.

256 897 353 932 218.
412 893 638 945 Fortiaque
670 894 854 933 adversis
885 897 1088 947 opponito
1120 907 1288 950 pectora
1317 900 1458 938 rebus.

463 978 585 1004 serm.
607 966 658 1003 11.
688 970 729 1014 2,
766 970 862 1005 136.

256 1040 354 1076 219.
416 1036 541 1075 Grata
573 1035 860 1089 superveniet,
895 1051 1000 1091 quae
1032 1053 1116 1078 non
1147 1040 1382 1092 sperabitur
1407 1042 1526 1082 hora.

463 1110 579 1161 epist.
607 1110 640 1148 I.
671 1110 710 1157 4,
743 1110 808 1148 14.

250 1187 349 1222 227.
405 1181 504 1220 Post
538 1190 699 1220 noctem
733 1179 907 1220 mediam
941 1180 1109 1234 quando
1145 1189 1241 1221 sunt
1271 1183 1430 1222 somnia
1462 1197 1575 1223 vera.

460 1267 582 1293 serm.
600 1254 631 1292 I.
666 1258 730 1303 10,
763 1258 814 1293 33
851 1254 949 1293 Post
980 1253 1154 1292 mediam
1188 1268 1226 1294 n.
1245 1254 1370 1303 visus,
1402 1268 1492 1294 cum
1516 1269 1603 1294 s.v.

250 1329 346 1368 483.
406 1326 546 1365 Primo
578 1339 630 1365 ne
658 1325 868 1376 medium,
900 1325 1035 1366 medio
1068 1340 1119 1364 ne
1153 1325 1355 1378 discrepet
1386 1327 1527 1367 imum.

456 1412 520 1437 ars
551 1406 662 1450 poet.
689 1402 783 1438 152.

249 1474 346 1510 517.
404 1469 516 1508 Dum
548 1471 643 1508 licet
672 1484 717 1508 ac
750 1470 912 1509 vultum
943 1477 1080 1508 servat
1111 1470 1279 1509 fortuna
1311 1468 1545 1521 benignam.

454 1540 571 1591 epist.
601 1541 632 1579 I.
670 1539 734 1589 11,
764 1545 833 1581 20.

248 1617 344 1654 616.
406 1641 416 1652 .
442 1641 452 1651 .
484 1626 774 1665 quamcunque
807 1613 907 1652 deus
935 1611 1011 1650 tibi
1041 1611 1314 1652 fortunaverit
1344 1613 1503 1652 horam.

453 1684 568 1735 epist.
603 1684 634 1724 Ι.
669 1688 734 1733 11,
766 1689 834 1723 22.

245 1763 342 1799 619.
401 1757 597 1797 Rusticus
633 1758 794 1796 urbano
832 1755 931 1809 quid
963 1754 1081 1795 distet
1111 1756 1244 1808 turpis
1273 1758 1463 1797 honesto.

452 1842 516 1867 ars
548 1837 658 1879 poet.
688 1833 792 1868 213:
829 1830 988 1867 urbano
1020 1829 1230 1869 confusus.

243 1907 338 1943 626.
398 1900 534 1940 Uncta
565 1901 660 1940 satis
692 1900 823 1952 spiSso
857 1908 1075 1953 ponuntur
1109 1901 1294 1940 oluscula
1322 1900 1454 1940 lardo.

448 1986 569 2012 serm.
593 1973 646 2012 II.
679 1978 715 2022 6,
752 1975 829 2012 64:
858 1974 1004 2025 pingui
1033 1981 1256 2024 ponentur.

244 2050 338 2085 632.
396 2044 568 2094 Jejunus
597 2059 694 2084 raro
725 2047 962 2085 stomachus
991 2046 1176 2096 vulgaria
1207 2044 1365 2085 temnit.

447 2129 566 2157 serm.
597 2118 651 2156 II.
688 2123 726 2167 2,
757 2122 825 2159 38.

241 2191 337 2229 655.
395 2186 543 2227 Tiitcta
574 2203 699 2241 super
728 2193 856 2231 lectos
888 2189 1102 2230 candescat
1128 2189 1251 2229 vestis
1282 2189 1478 2227 eburnos.

444 2274 565 2301 serm.
596 2264 649 2301 ΙΙ.
683 2268 719 2311 6,
755 2268 861 2303 103:
902 2262 1108 2302 canderet.

239 2338 336 2374 696.
394 2334 412 2373 I
443 2348 573 2386 puer,
603 2343 726 2388 atque
758 2349 872 2374 meae
906 2336 1010 2373 citus
1041 2336 1150 2372 hunc
1181 2333 1348 2384 impone
1383 2332 1557 2371 culinae.

444 2421 566 2445 serm.
587 2407 618 2448 I.
653 2412 717 2457 10,
750 2412 829 2447 92:
873 2408 889 2446 I
925 2421 966 2458 p.
997 2421 1034 2445 a.
1061 2419 1152 2444 meo
1185 2420 1218 2444 c.
1247 2406 1347 2444 haec
1372 2403 1584 2444 subscribe

442 2479 599 2518 libello.

238 2554 318 2590 738
393 2549 597 2589 Trevirici
623 2549 766 2590 calices
797 2563 902 2603 quos
934 2563 1015 2588 non
1049 2549 1182 2588 fecere
1214 2545 1436 2602 loquaces?

440 2622 557 2673 epist.
590 2622 623 2662 I.
652 2626 692 2672 5,
727 2626 801 2662 19:
835 2621 1019 2662 Fecundi
1041 2636 1074 2661 c.
1099 2635 1219 2673 quem
1244 2636 1284 2660 n.
1312 2622 1339 2660 f.
1356 2616 1582 2659 disertum?
