1721 2938
156 552 235 587 180

158 892 258 947 185”

164 1270 244 1305 190

167 1631 244 1666 195

171 2355 253 2390 205

471 102 569 145 Ro
589 101 880 146 oDLIEss
943 101 1093 157 fragm.
1121 99 1175 142 11.
1423 101 1502 142 139

289 262 360 301 Nil
390 262 621 313 reputando
651 263 750 311 sibi,
791 261 861 301 sed
894 261 931 300 ei
963 259 1064 300 dans
1094 258 1233 298 omnia
1265 257 1390 297 dixit:

291 331 498 371 ‘induciae
522 346 606 385 quo
629 333 711 371 sint
727 331 918 370 laudatae
936 329 1170 384 quandove,
1192 327 1269 377 dic,
1296 327 1438 368 suntP'

292 402 572 443 ‘Ebdomadae
603 411 689 441 tum
719 409 988 454 praetereunt
1019 409 1121 448 tres,
1160 399 1351 438 induciae
1382 409 1477 439 sunt

294 477 382 514 Hac
414 477 454 514 in
487 475 659 527 planitie
676 504 693 524 ,A
718 489 800 527 qua
832 472 1160 512 concertavimus
1191 480 1298 519 ante,

293 547 510 587 Solventes
541 556 705 587 nostros
747 547 789 586 in
823 546 957 586 vincla
987 545 1218 595 redegimus
1250 546 1401 595 hostes,

291 619 397 659 Sunt
429 619 501 658 ubi
532 621 680 660 tristati
715 633 798 673 quo
830 618 928 657 fiant
958 617 1177 656 laetificati.

298 689 366 730 Sic
397 690 446 729 de
480 699 517 730 te
547 691 634 741 regi
666 705 774 729 nunc
815 687 1067 729 induciando
1098 685 1331 740 spopondi.’

295 762 386 801 Rex
419 763 495 801 ait:
532 763 624 802 ‘hoc
654 762 778 802 laudo
810 764 1108 815 promissorum
1140 774 1274 813 neque
1306 757 1467 797 fraudo.

297 835 409 874 Dum
443 836 579 874 fueras
611 843 649 874 at
679 835 760 885 ibi,
795 833 895 887 quid
928 833 1155 885 agendum,
1185 832 1261 882 dic,
1289 831 1499 871 habuisti?

295 907 553 960 Respondit:
602 909 800 946 ‘summus
823 907 924 945 mihi
960 908 1137 945 clemens
1170 905 1213 944 fit
1244 905 1511 945 vicedomnus

306 979 544 1019 Procurans
576 979 763 1026 mullum,
796 977 998 1017 defeclum
1031 992 1086 1017 ne.
1110 985 1278 1029 paterer
1308 992 1446 1030 quem.

303 1048 553 1089 Scachorum
585 1049 686 1089 ludo
714 1058 883 1102 temptat
924 1065 987 1089 me
1019 1051 1182 1089 vincere
1213 1051 1370 1098 crebro,

300 1122 386 1163 Nec
415 1124 571 1174 potuit,
618 1122 718 1162 ludo
762 1123 802 1161 ni
831 1132 977 1174 sponte
1007 1122 1100 1161 dato
1129 1123 1206 1161 sibi
1237 1124 1340 1162 solo.
1511 1122 1569 1155 fol,
1594 1125 1646 1155 82.

305 1193 503 1247 Quinque
544 1194 629 1233 dies
660 1194 715 1233 sic
744 1209 809 1233 me
842 1208 926 1234 non
958 1195 1109 1232 siverat
1149 1202 1241 1232 ante
1277 1194 1430 1243 xenire,

306 1266 540 1318 Explorare
571 1266 710 1318 cupit,
742 1281 855 1307 meus
887 1266 1088 1306 adventus
1129 1266 1227 1319 quid
1258 1280 1306 1306 eo
1334 1268 1399 1306 sir.

308 1339 557 1388 Investigare
588 1340 702 1376 nulla
732 1338 843 1391 quod
876 1339 973 1378 dum
1012 1340 1119 1378 valet
1152 1347 1250 1386 arie,

304 1413 403 1450 Post
433 1425 494 1449 me
526 1425 600 1449 rex
632 1411 761 1458 misit,
810 1411 888 1449 sibi
918 1425 1023 1463 quae
1055 1409 1141 1448 dixi
1171 1412 1265 1449 satis
1294 1409 1407 1449 audit

302 1482 350 1520 ln
385 1495 473 1520 cras
504 1495 719 1533 responso,
749 1481 837 1520 di>2i
868 1484 992 1531 velut,
1023 1481 1246 1521 induciato.

310 1554 400 1592 Rex
433 1568 606 1606 poscens
644 1555 823 1593 iabulam
858 1556 971 1604 jubet
1013 1554 1170 1606 opponi
1199 1555 1278 1593 sibi
1306 1555 1445 1593 sellam

305 1626 356 1665 Et
391 1641 455 1665 me
487 1636 630 1666 contra
661 1641 702 1666 se
734 1629 847 1676 jubet
879 1628 918 1665 in
952 1628 1113 1667 fulchro
1144 1625 1340 1676 residere,

302 1700 360 1740 Ut
390 1714 526 1740 secum
559 1699 720 1748 ludam,
754 1700 865 1752 quod
898 1715 971 1751 ego
1007 1701 1176 1740 nimium
1205 1702 1432 1741 renuebam

306 1774 485 1813 Dicens:
533 1773 748 1812 “terribile
781 1773 977 1813 miserum
1009 1773 1233 1813 conludere
1263 1774 1396 1824 1·ege.”

303 1846 354 1884 Et
386 1845 482 1884 dum
515 1860 580 1884 me
610 1844 695 1885 vidi
728 1845 805 1884 sibi
837 1860 919 1885 non
952 1845 1105 1886 audere
1134 1845 1282 1893 renidg

306 1915 472 1955 Ludere
504 1915 692 1965 laudavi,
724 1917 895 1968 cupiens
926 1918 976 1955 ab
1009 1930 1057 1955 eo
1086 1917 1287 1968 superari,

308 1988 457 2027 “Vinci
487 1986 536 2026 de
568 1988 701 2038 rege‚'’
732 1987 883 2036 dicens,
914 1988 1038 2040 “quid
1068 1990 1182 2027 obest
1208 1989 1402 2026 miserum
1427 1983 1520 2024 me?

311 2059 394 2099 Sed
427 2061 571 2108 timeo,
605 2058 782 2108 domiue,
824 2059 936 2113 quod
966 2074 1064 2099 mox
1096 2061 1284 2100 irasceris
1312 2061 1353 2098 in
1388 2074 1464 2108 me,

311 2132 356 2172 Si
387 2133 555 2171 fortuna
585 2134 721 2180 juvet,
751 2133 852 2171 mihi
883 2132 995 2185 quod
1026 2133 1195 2172 victoria
1227 2133 1421 2172 constet-‚³³
1448 2154 1503 2161 --·

310 2206 402 2245 Rex
433 2203 692 2245 subridendo
724 2204 971 2245 dixitvelut
1005 2215 1128 2258 alque
1158 2205 1357 2255 jocando:

307 2278 432 2318 “Non
468 2291 573 2330 opus
609 2286 691 2326 est,
723 2292 837 2326 care,
866 2292 990 2331 super
1021 2279 1098 2318 hae
1126 2293 1170 2317 re
1202 2278 1302 2331 quid
1332 2290 1523 2325 vereare3

314 2350 358 2390 Si
387 2364 615 2403 numquam
646 2351 805 2390 vincam
825 2380 835 2400 ‚
873 2352 1107 2390 conmotior
1135 2352 1234 2389 haut
1267 2363 1340 2400 ego
1374 2348 1482 2387 fiam.

312 2423 393 2462 Sed
425 2437 549 2475 quam
581 2422 761 2462 districte
795 2437 961 2474 noscas,
993 2423 1111 2462 ludas
1142 2425 1236 2462 volo
1267 2437 1358 2462 cum
1390 2436 1466 2470 me,

314 2494 422 2533 Nam
453 2509 557 2548 quos
584 2497 746 2546 ignotos
787 2496 909 2535 facies
939 2497 1036 2536 volo
1067 2495 1222 2536 dIscere
1252 2495 1442 2533 tractus.'’
1466 2515 1522 2522 ——-

316 2566 459 2606 Statim
490 2580 566 2605 rex
598 2574 637 2605 et
668 2580 741 2616 ego
778 2566 960 2606 studiose
993 2568 1192 2606 traximus
1225 2565 1362 2612 ambo,

318 2639 367 2678 Et
397 2637 476 2678 sibi
500 2638 627 2689 gratia
661 2639 723 2687 sit,
755 2639 853 2678 mihi
880 2646 941 2677 ter
972 2640 1141 2680 victoria
1172 2638 1301 2687 cessit,
