1721 2938
605 101 944 142 ECBASIS.
1374 103 1456 142 283

243 252 406 294 Obiciet
437 266 559 292 nemo
590 250 731 291 sordes
767 253 866 302 tibi,
909 265 1009 305 quas
1043 252 1144 289 inihi
1180 254 1309 301 multi,

244 324 327 374 Qui
355 327 432 367 tibi
462 326 710 377 complaceo,
757 326 831 377 qui
859 325 997 375 turpia
1030 324 1159 363 vincis
1188 325 1376 364 honesto.

245 396 397 436 Susum
427 395 575 436 scande
606 405 746 447 pater,
785 396 1003 434 mirabitur
1042 409 1148 433 unus
1177 404 1215 434 et
1245 397 1348 435 alter

105 473 214 509 1155
250 471 376 509 Artus
408 469 591 520 egregios
619 481 819 518 generoso
850 469 893 506 in
921 480 1095 519 corpore
1125 469 1331 519 sculpt053

247 542 436 581 Mentior
466 549 505 580 at
535 541 569 580 si
599 539 723 593 quid,
752 539 905 583 merdis
937 548 1057 592 caput
1081 540 1277 593 inquiner
1305 540 1433 579 albis?

248 614 486 654 Conservus
515 613 630 663 vilis,
681 626 802 665 quem
834 611 964 651 tardat
998 620 1116 651 acuta
1146 614 1311 662 securis,

249 686 365 725 Dum
393 687 516 738 lupus
547 684 747 733 ascendit,
779 686 937 733 objecta
975 684 1171 736 repagula
1198 684 1337 731 traxit,

250 755 317 796 Sic
348 757 460 795 foras
492 755 642 803 exiliit,
687 763 859 794 matrem
891 770 980 794 cunt
1015 762 1130 806 patre
1160 754 1349 805 reposcit,

100 830 209 867 1160
241 828 383 868 Ubera
411 842 503 866 cum
532 827 642 866 suxit
679 827 800 865 inatri
829 828 1002 866 laetatus
1042 827 1232 865 inhaesit.

246 899 426 939 Protulit
459 900 693 949 exemplar,
724 899 811 937 veri
843 896 956 950 quod
985 898 1093 936 lucet
1125 895 1176 936 ad
1204 896 1347 943 instar,

246 972 344 1011 Non
374 984 538 1023 semper
565 971 685 1010 feriet
717 969 996 1022 quodcunque
1026 971 1250 1008 minabitur
1272 981 1404 1007 arcus.

240 1044 293 1082 At
322 1045 446 1095 lupus
476 1057 499 1081 a
524 1050 643 1080 tauro
677 1049 825 1080 trunco
864 1041 1081 1092 configitur
1122 1043 1219 1081 alto.

246 1116 548 1167 Vulpes‘hunc
577 1115 741 1165 gemino
773 1111 977 1152 collaudat
1010 1113 1157 1164 pollice
1187 1110 1346 1158 ludum,

102 1191 210 1227 1165
251 1188 363 1226 Haec
395 1200 526 1239 pravo
558 1188 755 1238 scriptum
782 1184 985 1236 praedoni
1014 1186 1186 1237 perhibe
1217 1193 1379 1236 aptum:

643 1258 912 1309 epitaphium.

242 1329 344 1368 ‘Hoc
367 1328 537 1379 legimus
562 1330 774 1381 scriptum,
804 1329 1016 1368 credamus
1035 1335 1074 1366 et
1090 1341 1173 1366 esse
1195 1327 1429 1379 probatum,

240 1400 330 1438 Vae
362 1399 435 1451 qui
464 1398 696 1450 praedaris,
743 1400 939 1453 quoniam
970 1397 1235 1451 praedaberis
1264 1399 1374 1449 ipse:

239 1469 454 1508 Mereatur
485 1478 681 1518 mortem,
721 1471 792 1523 qui
823 1470 978 1509 fraudis
1005 1469 1133 1520 diligit
1163 1477 1304 1516 artem,

244 1540 330 1580 Nec
364 1541 497 1592 capiet
534 1541 687 1590 risum,
728 1543 799 1594 qui
829 1541 884 1581 sic
922 1549 1099 1580 sectatur
1127 1541 1331 1593 iniquum,

98 1617 206 1652 1170
236 1612 338 1652 Inde
368 1627 412 1651 se
444 1611 582 1663 discat,
611 1614 683 1666 qui
710 1617 813 1663 juste
842 1614 983 1655 vivere
1008 1612 1165 1652 tardat?

241 1684 348 1722 Mox
377 1684 532 1735 patrios
562 1685 743 1735 ingressa
770 1687 877 1724 lares
913 1686 1094 1724 eliminat
1126 1685 1276 1733 hostes,

243 1756 351 1794 Nam
381 1770 544 1795 murum
578 1756 758 1805 scandit,
791 1756 894 1796 caris
927 1771 1018 1795 cum
1046 1756 1255 1805 fratribus,
1285 1753 1454 1808 inquid:

244 1826 410 1866 ‘Divitis
443 1840 564 1866 omne
597 1829 772 1878 bonum,
803 1829 837 1867 si
866 1841 952 1867 non
990 1829 1116 1867 suerit
1147 1828 1372 1866 stabilitum

245 1897 456 1948 Consilio,
487 1900 672 1949 ratione,
707 1899 854 1950 modo,
885 1902 988 1940 solet
1019 1900 1275 1949 adnichilarI,

101 1971 211 2007 1175
247 1969 391 2020 Aeque
426 1971 654 2020 neglectum
687 1972 827 2021 pneris
868 1971 1087 2011 senibusve
1120 1972 1328 2011 nocivum.

239 2039 354 2088 Quae
386 2045 517 2090 maj0r
546 2043 696 2093 pestis,
727 2043 835 2092 heu,
866 2042 1018 2096 quidve
1052 2044 1273 2082 nocentius
1302 2043 1388 2081 istis

244 2112 492 2164 Aspidibus‚
522 2115 729 2164 colubris,
769 2115 966 2155 basiliscis
998 2124 1122 2169 atque
1155 2112 1376 2155 chelidris?

245 2185 295 2222 Et
330 2193 462 2224 tamen
495 2187 571 2226 hos
614 2187 746 2226 fertur
777 2200 974 2240 superare
1006 2187 1253 2227 domesticus
1290 2188 1455 2239 hospes.

236 2255 346 2305 Quid
378 2257 511 2298 tardat
540 2259 726 2311 sapiens,
772 2260 912 2299 forsan
943 2263 978 2300 si
1008 2261 1161 2313 ceperit
1191 2262 1342 2309 hostes,

100 2330 207 2363 1180
238 2327 294 2366 Ni
322 2328 419 2378 liget
449 2344 493 2368 ac
523 2330 697 2378 cruciet,
727 2331 920 2370 obstruso
951 2344 1113 2370 carcere
1146 2329 1340 2370 damnet?

241 2398 522 2451 Compedibus
548 2403 645 2441 tales
673 2416 773 2442 num
805 2405 881 2443 sub
914 2403 1080 2444 custode
1116 2400 1304 2442 tenebit?

237 2470 369 2508 Moris
404 2480 512 2519 erat,
544 2473 727 2514 fortassis
758 2476 846 2524 erit,
893 2475 990 2515 duni
1027 2476 1202 2528 quisque
1234 2475 1396 2524 vigebit,

169 2626 257 2656 1163
283 2625 451 2659 vielleicht
477 2629 643 2661 truncus?
746 2632 836 2664 1170
860 2632 930 2664 inte
955 2634 993 2665 A.
1070 2632 1159 2665 1174
1184 2628 1387 2663 adnichilare
1414 2632 1454 2667 A,
