1721 2938
225 127 309 169 280
729 124 765 165 Ε
786 124 822 164 C
841 123 875 164 B
896 124 926 164 A
944 123 974 164 S
994 123 1013 164 I
1031 124 1074 164 S.

659 277 838 328 psitacus
886 274 1147 326 philomelae.

365 348 552 387 ‘Plectris
583 346 807 388 dulcisonis
837 360 1028 386 curarum
1057 346 1214 384 semina
1244 344 1374 396 pellis,

365 422 431 460 Tu
463 435 553 460 cum
581 422 634 460 sis
666 419 778 474 quod
811 433 884 470 ego
917 419 1103 458 fortassis
1135 417 1294 457 cautior
1327 418 1427 467 ullo,

227 499 333 534 1065
366 494 489 535 Nunc
519 494 560 533 in
595 507 733 534 amore
765 492 846 532 mei
877 498 1108 543 comportes
1138 492 1298 530 somnia
1328 489 1439 541 regi?

788 565 1026 618 philomela.

365 637 504 686 ‘Quod
525 639 624 690 petis
641 638 719 678 hoc
736 651 940 690 peragam,
954 651 1115 676 causam
1137 651 1218 676 non
1234 650 1386 688 respuo
1404 637 1578 686 jussam!

327 762 330 765 Δ
366 710 456 749 Rex
490 710 560 747 ubi
596 710 739 749 melliti
771 711 929 762 capitur
960 709 1177 749 dulcedine
1207 709 1364 761 plectri,

363 781 612 823 Obdormire
644 791 785 834 parat,
816 783 961 834 vulpes
996 782 1161 822 differre
1190 784 1361 823 laborat.

829 856 989 907 vulpes.

370 925 582 963 ‘Naturale
614 924 687 962 tibi
721 925 933 965 confirmat
967 925 1116 978 pagina
1144 925 1262 974 libri,

226 1004 334 1039 1070
367 996 488 1046 Quod
510 996 665 1037 dormis
689 997 843 1049 triduo,
861 998 930 1038 sed
946 998 1044 1051 quid
1059 996 1405 1049 manetliospesiu
1421 993 1577 1035 antro':”

811 1070 982 1123 pardus.

363 1143 541 1182 ‘Defessi
569 1142 749 1192 veniant,
779 1152 954 1196 pausent
978 1142 1183 1183 modicum
1215 1152 1338 1195 atque
1358 1142 1576 1183 redibunt.’

358 1217 536 1268 Expleto
567 1215 707 1255 triduo
740 1231 816 1256 rex
848 1231 947 1256 mox
980 1216 1162 1256 discessit
1190 1218 1241 1255 ab
1273 1224 1408 1265 antro,

362 1287 414 1325 Et
446 1286 723 1325 Suuarzuualt
750 1288 891 1338 petiit,
922 1289 1177 1327 alemannica
1207 1302 1308 1326 rura
1335 1287 1488 1337 revisit,

363 1359 623 1411 Divitiasque
657 1359 803 1398 domus
837 1369 1007 1412 usurpat
1037 1374 1136 1400 mox
1169 1361 1248 1399 sibi
1278 1359 1444 1412 pardus.

224 1436 331 1471 1075
365 1431 517 1482 Cignus
547 1432 830 1471 Nortmannos
864 1432 1070 1485 possedit,
1100 1433 1278 1484 psitacus
1309 1432 1446 1482 Indos,

363 1503 521 1543 Pardus
553 1503 669 1542 duxit
706 1518 800 1544 aves
831 1505 880 1544 ad
911 1515 1048 1557 partes
1079 1505 1322 1545 occiduales.

360 1575 436 1614 His
466 1576 521 1614 ita
550 1574 744 1626 dispersis
774 1576 829 1615 sic
850 1575 892 1615 fit
921 1577 1108 1628 migratio
1138 1578 1287 1628 vulpis,

361 1648 422 1687 Ad
465 1662 665 1700 proavum
698 1646 850 1696 tendit,
901 1649 1106 1702 probrosa
1136 1648 1297 1701 epitafia
1329 1651 1488 1690 scribit:

787 1719 1011 1772 epitafium.

368 1790 647 1832 ‘Conveniens
679 1792 823 1830 curtim
866 1806 1037 1845 parvam
1067 1805 1265 1833 venerare
1295 1794 1518 1842 eohortem,

227 1869 334 1903 1080
366 1864 502 1903 Flecte
538 1863 670 1915 capud
702 1862 889 1904 timidum
925 1873 1136 1916 susceptus
1165 1864 1260 1904 sede
1290 1873 1520 1916 potentum,

362 1936 666 1976 Praemeditare
708 1937 846 1988 prius,
886 1951 991 1990 quae
1026 1936 1134 1988 [des]
1167 1937 1393 1989 aenigmata
1423 1946 1575 1988 cautus,

367 2008 502 2047 Rarus
533 2009 572 2047 in
607 2010 798 2062 eloquio,
829 2010 973 2049 sollers
1005 2023 1194 2049 sermone
1226 2010 1416 2060 serendo,

364 2080 485 2120 Falsa
513 2082 631 2134 loqui
660 2082 813 2133 fugito,
849 2084 1039 2122 reseratis
1072 2084 1241 2123 auribus
1272 2092 1370 2131 esto,

363 2151 472 2200 Quid
505 2153 555 2192 de
586 2167 754 2207 quoque
782 2155 896 2205 viro,
928 2164 967 2194 et
998 2157 1064 2194 cui
1097 2155 1232 2202 dicas,
1269 2169 1391 2209 saepe
1426 2156 1576 2206 videto,

226 2229 332 2263 1085
368 2223 498 2276 Saepe
528 2238 653 2276 rogus
684 2225 870 2266 modicus
903 2228 1106 2268 comburit
1136 2230 1313 2268 culmina
1345 2229 1482 2275 saltus,

361 2296 469 2335 Nam
500 2297 683 2347 neglecta
714 2300 847 2338 solent
876 2299 1067 2339 incendia
1112 2314 1274 2339 sumere
1303 2301 1432 2352 vires;

365 2367 516 2409 Officio
546 2369 708 2421 linguae
740 2372 901 2410 nullum
937 2373 1148 2412 frustreris
1178 2374 1351 2423 honore,

360 2440 465 2478 Nam
497 2449 567 2479 tua
598 2455 664 2481 res
695 2442 848 2492 agitur,
878 2444 1013 2494 paries
1046 2457 1137 2482 cum
1174 2446 1390 2495 proximus
1423 2443 1547 2483 ardet.

367 2510 432 2549 Sic
463 2511 618 2551 tibimet
652 2526 772 2551 verae
817 2514 1020 2565 continget
1051 2514 1179 2565 gratia
1211 2515 1357 2559 famae,

288 2659 373 2688 1071
405 2658 539 2690 xeniunt
566 2659 604 2691 A.
665 2661 753 2691 1073
780 2661 980 2693 suuazuualt
1010 2662 1047 2694 A.
1074 2660 1112 2695 B.
1191 2663 1273 2694 1081
1309 2662 1367 2695 des
1395 2662 1572 2703 zuget‘iigt.
