1721 2938
556 155 1052 197 WAL'PHARIUS.
1421 160 1478 201 47

290 308 446 361 Deque
478 308 559 346 tuis
589 307 779 346 manibus
804 307 969 346 caedem
997 307 1197 361 perquiro
1230 310 1406 361 nepotis.

289 380 354 418 Eu
389 387 460 418 aut
493 386 669 431 oppeto,
719 379 804 417 sive
836 378 991 431 aliquid
1022 381 1287 420 memorabile
1316 382 1441 421 faxo?

123 454 232 489 1280
292 451 430 501 Dixit3
475 459 515 489 et
545 464 567 487 a
599 457 711 498 tergo
743 451 846 488 saltu
876 462 918 488 se
945 452 1039 498 jecit
1071 453 1245 504 equino,

289 523 379 561 Hoc
410 529 449 559 et
477 521 754 571 Gumharius,
797 535 871 558 nec
901 522 1064 572 segnior
1092 532 1226 573 egerat
1256 525 1378 563 heros

290 591 576 641 VValtharius,
608 591 743 631 cuncti
772 590 931 641 pedites
963 593 1116 630 bellare
1147 595 1290 647 parati.

289 663 429 702 Stabat
460 664 658 716 quisque,
700 678 744 702 ac
767 671 943 701 venturo
975 677 1015 702 se
1047 663 1244 715 providus
1276 666 1359 703 ictu

285 736 563 783 Praestruxit,
607 734 813 787 trepidant
842 737 919 774 sub
955 736 1074 787 peltis
1105 736 1247 776 martia
1275 740 1474 793 membra·

119 812 227 848 1285
285 809 400 847 Hora
430 806 608 847 secunda
639 808 715 846 fuit
747 822 828 859 qua
859 815 940 846 tres
972 808 1016 846 hi
1050 806 1395 857 congrediuntur3

287 878 496 919 Adversus
526 879 660 918 solum
693 879 931 930 conspirant
966 892 1079 917 arma
1111 878 1304 920 duorum.

283 951 446 990 Primus
478 952 713 1001 maligeram
747 952 924 991 collectis
955 951 1113 991 viribus
1144 954 1301 991 hastam

279 1023 446 1062 Direxit
471 1024 666 1073 Hagano,
707 1022 869 1075 dirupta
899 1037 1012 1075 pace.
1071 1022 1141 1061 sed
1170 1024 1281 1062 illam

282 1093 468 1132 Turbine
500 1094 749 1142 terribilem,
795 1102 908 1133 tanto
933 1103 971 1133 et
1000 1094 1174 1133 stridore
1204 1096 1410 1136 volantem

116 1168 224 1204 1290
281 1165 526 1218 Alpharides
555 1175 682 1206 semet
717 1180 886 1206 cernens
920 1168 1096 1206 tolerare
1123 1168 1318 1220 nequire,

281 1236 434 1277 Sollers
459 1238 618 1290 obliqui
650 1237 798 1277 delusit
827 1239 1001 1290 tegmine
1035 1240 1150 1279 scuti.

279 1307 386 1347 Nam
415 1311 586 1348 veniens
620 1310 750 1361 clipeo
781 1310 836 1348 sic
868 1319 926 1349 est
956 1324 1029 1350 ceu
1053 1322 1257 1348 marmore
1291 1310 1396 1348 laevi

282 1378 485 1426 Excussa,
528 1386 565 1416 et
596 1380 738 1417 collem
771 1380 1038 1418 vehementer
1067 1379 1243 1427 sauciat,
1280 1392 1411 1431 usque

279 1448 343 1488 Ad
374 1450 508 1488 clavos
541 1449 667 1489 infixa
699 1452 801 1490 solo.
860 1451 978 1490 Tunc
1007 1459 1171 1502 pectore
1202 1465 1374 1501 magno,

115 1523 222 1560 1295
283 1519 363 1559 Sed
395 1519 555 1561 modica
585 1520 650 1569 vi,
694 1521 927 1561 fraxineum
958 1524 1103 1561 hastile
1134 1526 1337 1575 superbus

279 1590 381 1629 Jecit
410 1591 684 1642 Guntharius,
717 1594 892 1633 volitans
924 1594 1037 1647 quod
1065 1593 1248 1633 adhaesit
1279 1594 1320 1632 in
1350 1595 1432 1634 ima

282 1663 505 1702 Waltharii
535 1678 700 1716 parma,
741 1679 864 1716 quam
895 1680 993 1706 mox
1021 1665 1117 1705 dum
1151 1668 1328 1706 concutit
1358 1667 1458 1720 ipse,

276 1734 440 1774 Excidit
472 1736 666 1786 ignavum
699 1738 799 1788 ligni
831 1736 878 1776 de
909 1739 1081 1778 vulnere
1113 1739 1280 1777 serrum.

277 1805 426 1847 Omine
457 1821 541 1860 quo
571 1809 734 1848 moesti.
759 1811 931 1850 confuso
963 1819 1128 1862 pectore
1159 1810 1310 1849 Franci

47 1888 49 1891 ’
113 1881 219 1917 1300
276 1880 380 1919 Mox
411 1880 615 1931 stringunt
646 1882 770 1929 acies,
801 1881 920 1920 dolor
951 1891 1009 1920 est
1031 1896 1252 1922 conversus
1271 1881 1322 1921 ad
1342 1882 1459 1932 iram,

278 1950 329 1989 Et
358 1951 453 1990 tecti
483 1953 621 2003 clipeis
652 1953 907 2004 Aquitanum
940 1953 1135 1993 invadere
1171 1959 1340 1993 certant.

278 2020 510 2062 Strennuus
542 2024 610 2061 ille
641 2032 774 2062 tamen
807 2025 848 2064 vi
878 2024 1057 2076 cuspidis
1089 2025 1245 2076 expulit
1275 2026 1388 2074 illos,

277 2094 410 2146 Atque
439 2096 696 2135 incursantes
728 2097 848 2135 vultu
876 2098 1058 2136 terrebat
1089 2106 1125 2136 et
1155 2098 1293 2136 armis.

272 2164 349 2205 Hic
379 2179 454 2204 rex
486 2167 741 2207 Guntharius
773 2176 961 2220 coeptum
990 2167 1209 2207 meditatur
1235 2170 1444 2220 ineptum,

110 2241 216 2276 1305
271 2237 431 2279 Scilicet
461 2249 507 2280 ut
534 2244 681 2290 jactam
713 2242 848 2281 subito
882 2250 1099 2296 terraeque
1131 2244 1356 2294 relapsam,

113 2321 203 2328 -—

205 2375 291 2406 1281
317 2376 432 2408 enauit
456 2377 498 2409 A.
517 2376 557 2410 Β.
622 2379 711 2409 1281
740 2375 793 2409 hic
819 2375 858 2409 C.
929 2376 1019 2407 1284
1046 2374 1244 2417 perstrinxit
1270 2372 1332 2405 sub
1360 2372 1455 2414 penis

107 2431 179 2472 (am
203 2433 325 2467 rande:
359 2435 423 2467 sub
449 2436 607 2480 pectore)
636 2437 677 2469 D.
751 2438 843 2468 1286
876 2435 1056 2468 aduersum
1085 2436 1123 2468 A.
1149 2434 1190 2466 C.
1264 2435 1353 2464 1287
1382 2442 1456 2463 ma·-

105 2492 232 2533 tignum
258 2492 300 2525 D.
339 2495 543 2537 maligenam
572 2498 611 2529 A.
633 2496 672 2529 C.
749 2498 839 2528 1288
866 2495 1018 2538 disrupta
1044 2495 1085 2528 Β.
1157 2496 1247 2525 1291
1280 2493 1386 2524 secuti
1413 2492 1454 2524 Β.

106 2551 214 2583 solers
237 2551 374 2594 oblique
399 2553 438 2586 D.
512 2557 604 2588 1295
629 2556 885 2597 sraxineumque
915 2557 955 2588 A.
975 2555 1018 2587 E.
1088 2556 1179 2586 1297
1207 2553 1284 2594 quia
1309 2561 1389 2583 mox
1411 2552 1454 2586 D.

108 2612 201 2642 1300
225 2610 292 2643 iras
318 2611 356 2645 C.
433 2616 519 2647 1301
548 2625 587 2648 ac
612 2616 694 2649 tecti
720 2616 760 2648 D.
829 2618 917 2648 1302
941 2619 1099 2648 strenuus
1127 2614 1167 2647 Β.
1228 2614 1320 2646 1304
1346 2622 1453 2654 quan-

106 2679 205 2710 quam
233 2670 272 2703 C.
