1721 2938
114 922 167 955 30

115 1284 167 1318 35

117 1642 170 1680 40

120 2003 170 2038 45

122 2368 174 2402 50

421 107 461 149 R
480 107 512 150 U
533 108 574 149 O
590 106 629 148 D
646 106 681 147 L
699 105 771 147 113
792 105 826 148 Β
887 104 1037 158 fragm.
1067 102 1137 145 vl.
1378 103 1458 144 169

225 260 306 310 Qui
339 260 437 301 dum
470 268 698 309 venerunt,
741 272 876 299 coram
908 267 1067 298 rectore
1096 265 1308 306 steterunt,

223 328 358 373 Rufus
393 332 580 384 ridendo,
612 342 764 373 terram
786 347 858 371 rea
887 329 1194 382 conspiciendo.

226 408 405 456 Rector,
435 405 531 445 dum
565 405 693 454 vidit,
725 403 836 457 quod
867 403 978 453 risit,
1008 403 1230 455 ‘pessime'‚
1275 402 1390 454 dixit,

225 479 385 528 ‘Rides,
417 492 508 520 cum
538 484 705 517 cunctos
736 477 816 524 hic,
845 475 988 514 flentes
1029 490 1119 516 cum
1147 476 1286 517 videas
1313 491 1403 518 nos.

224 551 334 600 Quid
366 551 657 598 succensebas,
688 546 800 601 quod
832 562 927 586 eum
958 550 1014 587 sic
1046 550 1328 588 martirizabas
1342 547 1375 587 {¹⁷

226 623 361 663 Rufus
392 622 475 661 ait:
513 622 669 661 ‘dentes
701 621 802 660 mihi
832 619 1066 673 dempserat
1097 621 1324 661 anteriores

228 694 294 736 Ob
340 697 494 735 nullam
527 708 712 742 causam,
744 695 823 733 nisi
851 693 965 747 quod
995 693 1081 733 sedi
1114 708 1244 746 prope
1280 696 1462 745 neptim.³

224 768 343 808 Dixit
373 776 434 807 et:
470 768 631 806 ‘ancilla
662 776 732 806 tua
761 766 895 818 neptis
926 766 960 805 si
1001 766 1077 805 fuit
1108 767 1190 815 illa,

226 841 312 881 Cur
342 842 448 880 hanc
490 842 730 893 stuprabas,
761 840 902 880 sceleri
933 841 1063 879 scelus
1099 839 1348 880 adiciebas'?’

227 915 360 953 Rufus
392 914 469 954 ait:
509 915 595 953 ‘cur
627 927 689 952 me
717 906 901 968 [mulier]
937 920 1159 952 attraxerat
1197 912 1248 953 ad
1278 912 1351 953 se?

230 987 335 1039 [Cur
393 1015 402 1026 .
457 1015 468 1025 .
530 1014 539 1025 .
597 1017 607 1028 .
667 1015 675 1025 .
738 986 780 1024 ni
813 993 971 1038 peteret
1002 985 1111 1036 me].’

230 1058 346 1107 Quae
375 1067 534 1098 tantum
565 1059 700 1108 flevit,
736 1059 851 1098 rivus
889 1058 1066 1097 lacrimis
1097 1058 1154 1097 ibi
1185 1058 1296 1112 quod
1328 1061 1384 1100 lit.
1467 1068 1615 1104 sot.23b.

227 1132 291 1171 Ex
321 1132 449 1171 oculis
480 1133 644 1183 sanguis
675 1133 869 1184 posthaec
902 1131 1022 1170 fluxit
1054 1131 1132 1171 sibi
1160 1132 1338 1183 grandis,

223 1206 447 1258 Postquam
479 1205 710 1253 convaluit,
741 1203 852 1257 quod
884 1203 984 1258 quid
1017 1205 1093 1244 sari
1123 1207 1244 1253 valet,
1277 1207 1436 1260 inquit:

230 1277 281 1319 ‘O
312 1279 432 1318 nimis
463 1277 611 1327 infide,
641 1292 714 1317 cur
746 1277 802 1317 sic
839 1277 1014 1317 mentire
1044 1292 1171 1329 super
1200 1278 1295 1317 me?

227 1350 487 1402 Exemplaris
516 1349 671 1393 Adam,
701 1348 773 1401 qui
799 1350 959 1401 culpam
993 1350 1115 1388 vertit
1156 1350 1197 1389 in
1229 1350 1372 1391 Evam.

230 1422 327 1461 Non
358 1430 453 1476 post
483 1430 523 1461 te
550 1422 665 1470 misi,
696 1435 778 1461 non
808 1427 849 1460 te
881 1423 1021 1474 prius,
1066 1422 1215 1474 impie,
1253 1423 1352 1464 vidi.

224 1495 295 1534 Me
326 1509 418 1533 cum
448 1494 660 1546 promissis
691 1493 899 1534 mendosis
930 1493 1173 1546 decipiebas.

227 1565 325 1605 Non
360 1579 434 1617 ego
471 1564 650 1604 defendo
682 1563 795 1618 quod
825 1565 924 1613 feci,
957 1564 1027 1604 sed
1059 1580 1172 1616 mage
1204 1564 1355 1605 damno

228 1637 352 1688 Quod
383 1646 429 1678 tu
460 1638 610 1687 fecisti,
642 1651 705 1676 me
737 1637 978 1678 consiliante
1009 1639 1194 1690 patrasti.

227 1711 326 1752 Non
358 1725 455 1763 ego,
487 1711 709 1758 confiteor,
739 1711 879 1749 ulcisci
913 1724 977 1749 me
1005 1724 1130 1762 super
1161 1719 1274 1763 opto.

228 1782 447 1832 Judicium,
494 1791 643 1831 rector,
689 1783 780 1822 fieri
810 1782 972 1823 differto
1007 1797 1245 1836 parumper,

228 1856 371 1894 Donec
402 1867 586 1894 accusem
621 1862 793 1903 memet,
839 1853 970 1894 donec
1001 1870 1170 1909 quoque
1205 1856 1411 1896 damnem.

230 1927 314 1974 En,
345 1939 435 1964 mea
459 1925 584 1975 judex
617 1935 702 1973 sto,
749 1927 844 1979 quia
875 1928 992 1967 valde
1025 1929 1156 1967 libens
1190 1930 1390 1970 tolerabo.

233 1997 277 2036 Si
307 2012 371 2036 me
401 1998 597 2049 suspendi
628 1999 752 2037 vultis
778 2011 903 2050 super
931 2001 1080 2040 arbore
1109 2000 1266 2051 grandi,

231 2071 378 2110 Radite
412 2072 647 2117 caesariem,
677 2071 718 2108 in
753 2071 914 2122 longam
951 2074 1114 2123 plectite
1146 2074 1302 2124 funem,

229 2144 471 2195 Stranguler
498 2153 539 2184 ut
564 2158 640 2196 per
679 2157 782 2193 eam,
814 2159 891 2196 per
912 2159 1035 2197 quam
1063 2160 1134 2185 rea
1167 2161 1288 2199 saepe
1308 2147 1469 2190 fiebam.

234 2215 314 2256 Sed
346 2231 473 2268 rogo,
503 2225 595 2269 post
624 2215 806 2256 triduum
837 2230 987 2269 corpus
1020 2219 1170 2258 tollatis
1200 2228 1245 2259 ut
1274 2221 1411 2273 ipsum

232 2289 283 2328 Et
313 2291 582 2338 comburatis,
623 2289 664 2328 in
695 2303 845 2342 aquam
872 2290 1048 2330 cinerem
1078 2291 1246 2342 jaciatis,

239 2361 301 2401 Ne
326 2364 448 2412 jubar
477 2360 701 2402 abscondat
734 2362 796 2401 sol
827 2370 899 2401 aut
938 2377 1010 2401 aer
1040 2372 1158 2415 neget
1194 2364 1384 2415 imbrem,

233 2432 296 2472 Ne
323 2448 398 2484 per
427 2448 490 2473 me
522 2433 677 2485 grando
710 2433 869 2473 dicatur
897 2434 1061 2474 laedere
1100 2434 1269 2476 mundo.

232 2506 434 2544 Inclusam
463 2519 557 2544 vase
585 2507 708 2546 vultis
736 2507 1001 2557 submergere
1030 2508 1063 2547 si
1093 2522 1172 2556 me,

239 2577 405 2616 Deioris
438 2576 478 2615 in
511 2589 629 2624 vase,
661 2576 772 2630 quod
807 2578 904 2626 feci,
938 2579 1156 2628 notificate,

233 2649 447 2690 Inveniant
479 2649 550 2703 qui
581 2663 659 2699 me,
690 2662 740 2688 ne
772 2659 1037 2701 praesumant
1068 2650 1268 2703 sepelire3
