1721 2938
97 256 147 290 10

97 616 148 650 15

102 1699 150 1733 lo

96 2058 145 2092 15

96 2416 150 2449 20

320 99 360 141 R
377 98 417 141 U
432 98 472 141 Ο
487 96 528 140 D
545 97 613 139 LI
629 97 664 139 E
681 97 715 139 Β
781 97 931 153 fragm.
963 96 1057 139 ΧΠ.
1087 96 1203 138 xm.
1360 97 1439 138 183

206 251 339 290 Moles
369 251 616 302 multigenae
646 267 672 303 p
727 281 737 291 .
794 279 804 290 .

202 324 378 363 Tantum
410 331 493 363 tres
530 322 677 362 desunt
724 354 732 363 .
792 352 804 362 .
862 351 872 361 .

203 396 325 434 Miles
357 395 412 434 ait
443 407 552 433 nunc
587 392 736 444 piscari

207 469 384 506 Pulvere
440 465 653 515 buglossae
701 478 728 516 q

204 538 277 576 Est
308 539 359 577 in,
384 549 491 589 aqua
524 536 671 587 cymba
729 564 738 573 .

205 611 432 648 Assumunt
467 606 622 657 virgam

203 679 345 718 Donec
377 684 580 718 venerunt
611 677 721 728 pisce
783 703 1139 716 ......

203 749 313 798 Quas
343 750 414 804 qui
463 750 682 800 gustabant
740 777 750 788 .
809 779 818 788 .
877 776 888 787 .
947 776 957 786 .

708 951 830 994 xlss.

203 1046 317 1096 Quos
348 1049 462 1087 miles
506 1048 619 1099 virga
652 1056 887 1100 perterrens
917 1047 1020 1097 cogit
1051 1044 1101 1085 ad
1132 1060 1243 1087 arva.
1441 1061 1589 1095 f01.291=.

204 1121 383 1159 Miratur
413 1119 579 1160 domina
611 1119 1004 1171 domicellarumque
1041 1124 1216 1166 caterva,

206 1192 543 1244 Contribulisque
573 1205 673 1231 suus
703 1199 798 1231 ovat
834 1192 875 1230 in
907 1190 1127 1231 virtutibus
1159 1192 1260 1238 ejus.

202 1264 268 1303 Fit
300 1264 451 1302 nimius
481 1264 613 1312 risus,
651 1277 850 1302 manuum
882 1264 1101 1315 plaususve
1133 1261 1367 1309 cachinnus,

203 1329 519 1387 Accurruntque
551 1335 656 1384 coci,
686 1336 851 1383 tollunt,
881 1341 1188 1386 properantque
1218 1346 1380 1384 parare.

204 1407 401 1458 Egressus
431 1407 554 1445 lintre
590 1415 736 1446 cuncto
765 1407 922 1457 populo
957 1406 1174 1444 comitante

203 1478 269 1517 Ad
301 1478 510 1517 dominam
540 1472 737 1528 1·epedat,'
766 1491 813 1515 ea
842 1491 965 1529 quem
996 1478 1101 1515 bene
1149 1476 1411 1527 suscipiebat.

205 1550 402 1590 ‘Piscator
432 1550 523 1588 talis
553 1557 611 1588 est
639 1562 870 1601 nusquam,
902 1562 974 1588 vos
1006 1549 1117 1588 velut
1148 1549 1268 1588 estis)

206 1622 326 1661 Tunc
355 1622 471 1671 jubet
503 1622 657 1672 exponi
685 1620 816 1672 pisces
851 1621 894 1659 in
923 1622 1105 1671 gramine
1139 1621 1264 1669 molli,

207 1694 266 1733 Ut
296 1693 481 1733 diversos
515 1700 640 1745 quot,
669 1692 826 1739 videat,
855 1694 966 1731 lacus
1000 1694 1033 1731 is
1064 1702 1290 1744 generaret.

208 1768 328 1804 Tunc
360 1773 455 1804 sunt
485 1764 660 1816 expositi
690 1774 893 1817 quotquot
927 1766 1086 1804 fuerant
1126 1766 1182 1804 ibi
1213 1767 1341 1818 capti:

203 1839 358 1878 Lucius
383 1846 422 1876 et
452 1837 599 1886 Rufus,
631 1840 703 1889 qui
734 1845 829 1877 sunt
860 1839 902 1876 in
928 1838 1107 1889 piscibus
1134 1837 1291 1888 hirpus,

206 1910 342 1948 Pisces
376 1911 555 1960 namque
582 1917 753 1957 vorant,
786 1910 876 1948 illos
908 1911 978 1948 ubi
1023 1908 1224 1959 prendere
1257 1917 1441 1960 possunt,

207 1981 421 2028 Prahsina‚
447 1979 572 2029 Lalis,
598 1979 808 2031 Charpho,
836 1982 980 2029 Tinco,
1020 1982 1278 2030 Barbatuluffi
1313 1980 1440 2030 Orvo,

207 2055 317 2101 Alnt,
336 2052 465 2100 Naso,
496 2053 568 2104 qui
597 2052 686 2090 bini
714 2052 834 2091 nimis
863 2052 971 2091 intus
1001 2061 1099 2092 suut
1124 2056 1292 2103 aem—osi,

204 2125 367 2164 Rubeta
396 2123 630 2172 sunfficola,
663 2125 792 2163 Truta
822 2123 978 2175 digena,
1018 2127 1111 2165 rdfa
1141 2128 1207 2166 vel
1238 2128 1342 2176 alba,

206 2196 255 2234 In
285 2196 414 2247 capite
450 2195 613 2246 grandis
645 2195 813 2248 Capito,
846 2206 938 2249 post
977 2196 1154 2249 degener
1183 2200 1270 2245 alis,

206 2267 361 2307 Labilis
389 2269 567 2319 anguilla
609 2270 672 2308 vel
701 2283 776 2320 per
806 2278 928 2321 caput
969 2269 1138 2310 horrida
1168 2272 1327 2320 Walsa,

207 2342 336 2391 Asco,
366 2341 578 2399 R-inanch‚
608 2342 730 2380 ambo
762 2340 900 2382 dulces
935 2343 1055 2383 nimis
1094 2344 1136 2382 in
1174 2342 1437 2395 comedendo,

210 2411 284 2449 Ast
312 2413 480 2463 Agapuz
511 2421 557 2451 ut
585 2427 680 2452 acus
708 2414 753 2452 in
780 2412 904 2454 dorso
935 2415 1078 2467 pungit
1108 2423 1261 2464 acutus,

218 2484 437 2522 Praeterea
466 2483 584 2521 multi
605 2485 734 2535 pisces
765 2485 866 2524 mihi
898 2500 982 2525 non
1011 2488 1116 2525 bene
1148 2488 1245 2526 noti,

208 2555 283 2594 His
314 2554 410 2594 visis
443 2555 563 2602 tolli„
582 2555 699 2594 citius
731 2557 843 2603 jubet
872 2559 941 2595 illa
971 2559 1119 2609 parari.

210 2627 355 2668 Mensa
387 2627 613 2680 parabatur
649 2627 742 2666 lotis
774 2628 914 2670 similis
945 2630 1190 2670 cumulatur.
