1721 2938
139 364 219 397 180

138 723 213 758 185

138 1083 217 1117 190

139 1447 214 1481 195

134 2165 214 2200 205

565 133 1061 182 WALTHARIUS.
1460 144 1488 185 9

275 288 361 328 Nec
392 303 526 339 mora,
564 289 774 341 consurgit
803 290 1073 343 sequiturque
1106 292 1307 331 exercitus
1342 294 1488 334 omnis.

278 361 379 400 Ecce
409 363 545 400 locum
576 376 735 414 pugnae
766 370 1059 413 conspexerat,
1097 370 1137 401 et
1165 372 1421 403 numeratam

274 435 355 472 Per
382 434 483 473 latos
515 434 641 472 aciem
673 447 838 484 campos
864 432 1030 484 digessit
1059 443 1097 473 et
1128 449 1271 486 agros,-

277 506 451 557 Jamque
482 505 590 543 infra
617 508 765 553 jactum
799 505 869 544 teli
904 519 1144 556 congressus
1178 515 1352 559 uterque

280 575 528 614 Constiterat
559 588 739 621 cuneus3
768 584 864 614 tunc
895 577 1079 629 undique
1112 579 1264 617 clamor
1294 578 1343 618 ad
1374 594 1493 619 auras

276 648 478 697 Tollitur,
523 648 775 687 horrendam
810 647 1072 687 confundunt
1105 650 1268 689 classica
1301 665 1466 701 vocem,

273 719 566 773 Continuoque
594 721 732 758 hastae
763 720 934 760 volitant
966 721 1060 759 hinc
1091 719 1273 773 indeque
1303 721 1466 763 densae.

275 790 482 830 Fraxinus
517 800 556 830 et
591 805 741 831 cornus
771 791 914 832 ludum
948 793 1142 831 miscebat
1172 792 1215 830 in
1248 807 1401 843 unum,

287 863 488 902 Fulminis
522 863 649 916 inque
683 863 851 903 moduni
885 866 1020 915 cuspis
1049 865 1211 904 vibrata
1239 866 1428 905 micabat.

276 936 356 984 Ac,
389 936 515 974 veluti
541 936 700 975 Boreae
731 938 806 975 sub
840 945 1023 988 tempore
1054 938 1127 976 nix
1159 939 1383 988 glomerata

276 1006 512 1058 Spargitur,
547 1007 656 1046 haud
693 1009 811 1047 aliter
843 1022 983 1047 saevas
1013 1012 1145 1058 jecere
1177 1010 1354 1061 sagittas.

276 1079 557 1129 Postremum,
592 1080 746 1119 cunctis
778 1088 956 1132 utroque
993 1095 1042 1119 ex
1071 1081 1229 1131 agmine
1265 1083 1358 1133 pilis

272 1153 536 1205 Absumptis,
578 1166 724 1191 manus
757 1151 808 1191 ad
839 1167 1079 1192 mucronem
1108 1154 1284 1193 vertitur
1312 1153 1467 1203 omnis,

274 1224 512 1263 Fulmineos
542 1233 740 1276 promunt
772 1238 911 1274 enses,
957 1225 1191 1278 clipeosque
1223 1228 1466 1276 revolvunt,

278 1296 542 1337 Concurrunt
573 1297 676 1336 acies
708 1296 895 1345 demum,
926 1312 1190 1350 pugnamque
1221 1307 1468 1337 restaurant.

278 1370 518 1408 Pectoribus
549 1371 694 1420 partini
727 1378 980 1420 rumpuntur
1009 1377 1176 1419 pectora
1208 1382 1431 1420 equorum,

274 1441 481 1480 Sternitur
511 1450 547 1479 et
585 1441 785 1493 quaedam
816 1455 915 1492 pars·
942 1440 1047 1479 duro
1083 1442 1262 1480 umbone
1293 1442 1494 1481 virorum.

271 1513 532 1552 WNaltharius
568 1521 702 1550 tamen
733 1514 774 1551 in
804 1512 939 1551 medio
972 1513 1069 1551 furit
1099 1514 1257 1563 agmine
1288 1515 1407 1562 belli,

275 1584 410 1626 Obvia
438 1599 626 1638 quaeque
659 1593 814 1623 metens
845 1585 990 1632 armis,
1032 1599 1076 1623 ac
1108 1586 1235 1624 limite
1260 1601 1449 1638 pergens.

275 1658 397 1695 Hunc
427 1657 499 1694 ubi
528 1657 785 1707 conspiciunt
820 1658 958 1695 hostes
990 1665 1120 1695 tantas
1152 1657 1248 1697 dare
1279 1666 1452 1709 strages,

274 1730 332 1768 Ac
365 1730 400 1768 si
425 1737 680 1780 praesentem
713 1729 949 1767 metuebant
985 1742 1152 1767 cernere
1182 1738 1382 1777 mortem,

277 1801 328 1840 Et·
359 1815 646 1853 quemcunque
676 1802 812 1839 locum
843 1814 913 1839 seu
947 1800 1091 1839 dextra
1123 1801 1207 1839 sive
1238 1800 1402 1839 sinistra

275 1873 535 1913 waltharius
564 1881 742 1924 peteret,
787 1872 923 1912 cuncti
956 1885 1055 1910 mox
1085 1880 1196 1922 terga
1227 1871 1453 1921 dederunt,

274 1946 325 1984 Et
356 1946 485 1985 versis
515 1945 637 1984 scutis
668 1945 856 1996 laxisque
887 1944 1079 1982 seruntur
1110 1944 1296 1983 habenis.

273 2018 392 2055 Tunc
419 2017 575 2055 imitata
601 2015 746 2054 ducem
787 2029 884 2065 gens
915 2016 1095 2054 maxima
1128 2016 1439 2055 Pannoniarum

277 2088 450 2128 Saevior
479 2088 653 2138 insurgit
684 2086 931 2139 caedemque
964 2086 1159 2127 audacior
1190 2095 1332 2138 auget,

274 2160 425 2210 Dejicit
456 2161 683 2206 obstantes,
718 2159 921 2208 fugientes
951 2158 1147 2209 proterit,
1179 2171 1310 2210 usque

272 2234 385 2271 Dum
416 2239 579 2283 caperet
607 2232 776 2283 plenum
809 2230 908 2269 belli
940 2231 1016 2268 sub
1049 2237 1159 2268 sorte
1190 2229 1461 2280 triumphum.

273 2303 381 2340 Tum
412 2315 537 2354 super
567 2302 720 2340 occisos
749 2301 833 2340 ruit
862 2308 902 2339 et
931 2300 1180 2352 spoliaverat
1208 2312 1374 2349 omnes,

234 2478 299 2508 183
328 2477 445 2518 ntique
471 2476 518 2509 H.
602 2478 669 2509 184
703 2474 870 2508 horrenda
904 2473 1079 2508 confundit
1115 2473 1155 2506 cl.
1185 2481 1269 2505 voce
1295 2471 1340 2505 H.
1430 2474 1493 2504 193

137 2535 311 2568 concurrit
332 2537 373 2569 Α.
426 2539 491 2568 196
513 2536 603 2568 betto
622 2538 661 2568 A.
674 2536 711 2568 B.
726 2535 808 2569 H-l.
858 2537 928 2567 200
944 2535 1097 2566 dextram
1117 2533 1191 2564 siue
1211 2532 1379 2564 sinistram
1399 2532 1435 2564 B.
1452 2532 1495 2563 Η.

137 2599 207 2628 203
234 2595 321 2628 hunc
350 2595 466 2627 mirata
494 2596 534 2628 D.
572 2596 813 2637 pannoniorum
842 2595 882 2628 D.
944 2596 1014 2625 204
1041 2591 1123 2624 fehlt
1151 2594 1189 2624 A.
1211 2591 1251 2625 C.
1275 2592 1314 2626 D.
1335 2592 1362 2626 1.
1424 2595 1494 2624 205

139 2657 242 2689 deicit
269 2659 306 2689 Α.
327 2657 366 2689 Β.
386 2656 411 2689 1.
484 2658 554 2687 206
582 2656 672 2698 capit
696 2660 731 2688 et
757 2658 794 2688 Α.
830 2655 938 2687 donec
969 2653 1162 2695 perciperet
1190 2653 1229 2685 D.
