1721 2938
205 80 261 119 38
633 80 1129 124 WALTHARIUS.

380 231 548 272 Fortior
573 232 780 279 extiterat,
818 240 933 272 tanto
965 235 1041 272 suit
1071 235 1182 274 ocior
1215 238 1311 286 olli,

384 304 433 342 Et
467 314 588 343 cursu
617 310 734 353 capto
766 315 881 342 suras
910 318 1110 344 mucrone
1139 305 1310 354 recidit,

219 380 326 416 1030
383 377 441 414 Ac
472 375 527 413 sic
556 372 761 413 tardatum
791 378 1005 426 praevenit
1038 386 1075 416 et
1104 378 1272 416 abstulit
1302 380 1387 426 ejus

387 446 571 485 Scutum.
629 445 698 485 sed
723 447 902 497 Trogus,
936 450 1122 501 quamvis
1153 449 1201 487 de
1231 451 1403 489 vulnere
1420 446 1563 498 lassus,

382 519 523 557 Mente
555 526 688 556 tamen
726 519 911 569 fervens,
944 534 1086 559 saxum
1117 520 1390 571 circumspicit
1411 520 1570 569 ingens,

384 586 706 639 Quod'rapienS,
730 591 866 629 subito
892 591 1090 629 obnixum
1111 590 1306 629 contorsit
1332 592 1374 627 in
1398 591 1571 636 hostem,

381 659 431 700 Et
450 660 667 712 proprium
689 675 711 698 a
729 674 888 701 summo
913 663 1086 714 clipeum
1103 662 1190 700 fidit
1210 677 1339 715 usque
1362 662 1568 701 deorsum.

218 735 323 771 1035
385 731 466 770 Sed
495 731 644 771 retinet
673 733 846 771 fractum
876 734 994 785 pellis
1025 732 1287 785 superaddita
1318 734 1488 784 lignum.

383 804 569 856 Moxque
599 817 705 853 genu
745 805 880 855 posito
911 805 1082 845 viridem
1124 812 1370 845 vacuaverat
1416 802 1571 852 aedem,

386 877 522 928 Atque
553 875 700 915 ardens
734 877 879 915 animis
908 879 1072 917 vibratu
1103 878 1258 923 terruit(
1283 890 1417 915 auras.

389 948 439 986 Et
472 949 505 985 si
534 961 617 986 non
646 949 775 1000 quivit
801 950 990 988 virtutem
1024 949 1239 987 ostendere
1272 948 1408 997 sactis,

388 1019 523 1058 Corde
557 1028 691 1058 tamen
720 1021 907 1059 habitum
935 1021 1124 1072 patefecit
1153 1029 1190 1059 et
1221 1034 1292 1060 ore
1325 1020 1499 1059 virilem.

220 1092 327 1130 1040
387 1090 474 1130 Nec
506 1104 646 1130 manes
676 1090 812 1130 ridere
843 1092 987 1132 videns
1019 1092 1227 1131 audaciter
1256 1091 1346 1130 infit

391 1162 449 1204 ‘O
480 1164 582 1202 mihi
607 1165 641 1202 si
672 1163 848 1215 clipeus,
894 1166 959 1205 vel
991 1165 1024 1203 si
1053 1164 1177 1204 modo
1209 1163 1366 1203 adesset
1397 1161 1572 1202 amicus!

388 1237 492 1275 Fors
521 1236 596 1274 tibi
623 1236 835 1275 victoriam
870 1235 918 1274 de
949 1250 1033 1285 me,
1075 1250 1159 1275 non
1190 1237 1328 1275 inclita
1359 1238 1488 1275 virtus

390 1306 600 1357 Contulit,
638 1307 687 1345 ad
718 1315 878 1346 scutum
906 1321 1144 1346 mucronem
1178 1308 1310 1346 tollito
1341 1302 1574 1345 nostruml’

322 1361 460 1420 Tum
491 1394 658 1433 quoque
689 1380 908 1420 subridens
939 1382 1084 1421 ‘venio
1114 1382 1218 1430 jam’
1248 1380 1409 1419 dlxerat
1437 1380 1573 1427 heros,

225 1457 329 1494 1045
393 1455 445 1493 Et
477 1467 598 1492 cursu
631 1452 861 1492 advolitans
893 1453 1077 1492 dextram
1112 1454 1294 1493 ferientis
1327 1453 1490 1492 ademit.

357 1573 360 1576 Δ
388 1524 467 1565 Sed
495 1538 588 1564 cum
612 1525 762 1563 athleta
788 1524 914 1564 ictum
935 1527 1103 1564 libraret
1134 1528 1184 1565 ab
1210 1540 1309 1566 aure
1336 1525 1575 1574 secundum,

386 1597 661 1649 Pergentique
691 1597 849 1636 animae
879 1599 1018 1638 valvas
1050 1599 1210 1650 aperire
1241 1597 1446 1648 studeret3

391 1669 495 1707 Ecce
525 1669 729 1708 Tanastus
760 1668 895 1718 adest,
937 1671 1028 1709 telis
1059 1685 1150 1709 cum
1183 1684 1277 1721 rege
1306 1670 1548 1722 resumptis,

384 1740 441 1780 <Et
474 1742 630 1780 socium
661 1745 819 1792 objecta
847 1744 1027 1794 protexit
1057 1744 1229 1782 vulnere
1262 1744 1385 1794 pelta.

224 1819 331 1854 1050
389 1814 497 1853 Hinc
525 1813 759 1864 indignatus
788 1815 891 1853 iram
924 1817 1123 1855 convertit
1153 1814 1203 1854 ad
1233 1815 1370 1866 ipsum

390 1886 670 1934 waltharius,
709 1887 1012 1940 humerumque
1045 1890 1130 1937 ejus
1165 1886 1215 1926 de
1244 1887 1407 1926 cardine
1438 1888 1561 1937 vellit,

392 1960 554 2010 Perque
586 1960 691 1998 latus
723 1957 845 1998 ducto
877 1958 1049 1998 suffudit
1079 1962 1235 2000 viscera
1260 1960 1387 1998 ferro.

392 2028 536 2068 Salve!
579 2032 854 2081 procumbens
887 2031 1198 2070 submurmurat
1227 2045 1298 2071 ore
1326 2032 1545 2069 Tanastus.

393 2100 487 2148 Quo
517 2101 722 2140 recidente
755 2117 894 2152 preces
925 2104 1170 2154 contempSit
1197 2116 1387 2155 promere
1406 2104 1577 2153 Trogus,

229 2176 335 2211 1055
399 2172 689 2225 Conviciisque
719 2175 783 2211 sui
813 2173 1006 2213 victorem
1040 2174 1219 2214 incendit
1250 2172 1423 2221 amaris,

320 2312 413 2342 1023
446 2311 522 2342 ollis
551 2311 576 2343 I.
661 2313 745 2343 1031
788 2311 878 2343 lesus
904 2310 944 2343 A.
990 2309 1100 2341 laesus
1127 2309 1165 2342 C.
1246 2311 1335 2341 10:35
1367 2309 1506 2341 scissum
1535 2310 1573 2343 A.

231 2373 319 2403 1036
345 2381 457 2403 ensem
482 2373 521 2405 Α.
573 2374 661 2404 1037
686 2371 832 2403 vibratas
852 2371 891 2403 C.
918 2370 1059 2402 vibravit
1080 2371 1199 2401 terruit
1224 2369 1248 2401 1.
1302 2372 1392 2401 1038
1417 2370 1511 2410 quasi
1534 2371 1574 2416 C·

226 2434 319 2464 1039
353 2436 481 2463 tantum
517 2431 556 2465 C.
640 2434 731 2464 1040
765 2441 901 2463 manens
936 2429 959 2462 Ι.
1047 2432 1134 2461 1043
1169 2439 1361 2461 mucronem
1395 2428 1446 2461 hic
1480 2429 1518 2462 Β.
1547 2431 1573 2465 1,

228 2493 318 2524 1046
354 2491 525 2525 sedentem
552 2491 591 2524 C.
668 2493 758 2523 1048
794 2490 967 2523 thanastus
996 2492 1035 2525 Α.
1117 2493 1208 2522 1048
1239 2491 1342 2522 tetum
1370 2490 1408 2522 C.
1482 2494 1576 2523 1050

224 2553 257 2583 in
284 2551 324 2583 B.
346 2551 372 2585 l.
455 2554 545 2585 1052
579 2556 724 2596 postque
750 2552 788 2585 C.
870 2553 959 2582 1053
992 2559 1055 2582 aue
1083 2550 1121 2583 B.
1144 2550 1181 2583 C.
1206 2550 1245 2583 E.
1269 2550 1296 2585 1.
1334 2549 1507 2582 thanastus
1533 2551 1574 2584 Α.

225 2613 316 2643 1055
342 2612 583 2655 convictusque
611 2613 662 2646 sui
687 2612 712 2646 Ι.
787 2614 877 2644 1055
904 2611 972 2644 suis
999 2611 1038 2643 C.
