1721 2938
245 115 330 158 340
555 113 1010 158 ALVERADAE
1060 113 1296 160 ASINA.

685 266 770 307 Cor
806 267 1097 310 confirmarent

682 340 821 392 Atque
850 349 1060 380 sanarent.

559 416 624 452 13.
684 411 906 464 ‘Delinque
937 420 1124 464 maestae,

683 482 837 531 Soror,
879 486 1091 536 querelas:

683 552 830 605 Lupus
862 567 1050 594 amarum

682 624 780 665 Non
810 633 925 664 curat
955 627 1110 667 fletum.

683 694 894 735 Dominus
924 696 1045 735 aliam

686 768 816 807 Dabit
844 768 921 807 tibi
950 768 1131 809 asinam-⁹

619 1028 911 1073 SACERDOS
942 1031 1016 1072 ET
1046 1031 1242 1074 LUPUS.

466 1157 503 1194 1.
561 1129 738 1204 Quibus
767 1151 891 1191 ludus
923 1160 984 1193 est
1013 1153 1153 1194 animo

555 1221 609 1261 Et
643 1223 836 1271 jocularis
866 1225 1014 1274 cantio,

557 1293 650 1333 Hoc
683 1293 898 1335 advertant
928 1295 1165 1337 ridiculum.

559 1364 755 1406 Narrabo
785 1381 871 1407 non
903 1366 1111 1407 ficticium.

467 1445 506 1480 2.
562 1436 764 1477 Sacerdos
794 1441 874 1487 jam
904 1439 1086 1480 ruricola

560 1510 704 1548 Aetate
739 1511 816 1548 sub
850 1509 1058 1562 decrepita

559 1581 739 1621 Vivebat
769 1594 912 1620 amans
947 1580 1132 1633 pecudis,

560 1652 638 1690 Hic
670 1652 780 1690 enim
809 1666 898 1691 mos
931 1661 991 1691 est
1020 1654 1197 1693 rusticis.

468 1732 507 1766 3.
565 1723 628 1763 Ad
659 1727 772 1773 cujus
802 1726 882 1763 tale
912 1723 1094 1763 studium

561 1794 695 1836 Omne
725 1796 899 1847 partiret
932 1794 1210 1845 commodum,

561 1867 654 1907 Nisi
684 1867 792 1906 foret
819 1875 901 1906 tam
931 1868 1124 1918 proxima

559 1940 779 1992 Luporum
812 1938 936 1977 altrix
964 1938 1126 1978 silvula.

469 2014 511 2052 4.
565 2011 623 2050 Hi
651 2010 883 2049 minuentes
913 2023 1135 2049 numerum

567 2081 649 2120 Per
679 2084 766 2130 ejus
795 2094 997 2120 summam
1026 2095 1224 2132 generum
1272 2126 1278 2128 ,

563 2151 678 2190 Dant
709 2150 890 2203 impares
925 2164 977 2190 ex
1005 2152 1178 2204 paribus

565 2220 617 2259 Et
647 2235 767 2272 pares
798 2236 849 2261 ex
879 2221 1122 2275 imparibus.

475 2295 515 2330 5.
573 2288 659 2338 Qui
690 2290 833 2330 dolens
863 2293 942 2331 sibi
971 2292 1062 2331 fieri

565 2360 872 2400 Detrimentum
901 2360 1067 2412 peculii,

569 2429 678 2480 Quia
707 2431 856 2472 diffidit
883 2432 1057 2480 viribu89

568 2504 806 2545 Vindictam
837 2505 998 2559 quaerit
1029 2502 1200 2543 artibus.

366 2646 398 2682 l,
425 2646 446 2674 ‘²
495 2646 669 2681 Enarrabo
942 2651 976 2689 3,
998 2650 1021 2680 2
1072 2647 1195 2691 patiret
