1721 2938
1374 142 1473 170 xxw

114 289 339 342 Ratpertus
372 286 628 334 monachus,
661 284 861 333 Notkeri,
900 298 1022 338 quem
1059 284 1100 323 in
1145 283 1369 337 sequentiis
1402 284 1477 323 mi-

115 376 282 409 ramur,
313 358 642 410 condiscipulus,
683 357 778 395 fecit
809 370 971 396 carmen
1012 358 1273 397 barbaricum
1319 358 1476 410 populo

116 436 158 474 in
190 432 356 474 laudem
388 431 519 471 sancti
551 428 660 468 Galli
689 428 934 468 cauendum.
993 428 1105 482 quod
1138 444 1213 471 nos
1241 432 1372 471 multo
1402 431 1478 470 im-

116 521 241 561 pares
263 505 434 552 homini,
467 510 511 541 ut
538 509 617 540 tam
650 499 779 539 dulcis
806 499 983 540 melodia
1006 502 1130 541 latine
1152 503 1326 553 luderet,
1354 517 1479 557 quam

115 578 306 632 proxime
351 574 585 628 potuimus,
630 571 672 610 in
717 569 889 610 latinum
932 572 1227 613 transtulimus.
1285 588 1372 613 nun
1407 572 1479 615 das

115 647 194 689 lied
238 648 378 687 selbst.

204 728 224 762 1

207 1097 233 1130 10

285 702 424 761 Nunc
454 719 734 774 incipiendum
767 726 827 758 est
858 718 958 758 mihi
990 732 1182 770 magnum
1213 716 1424 770 gaudium.

285 795 542 836 Sanctiorem
570 796 730 834 nullum
757 808 881 848 quam
905 802 1088 833 sanctum
1110 807 1292 846 unquam
1315 793 1479 833 Gallum

285 867 401 907 Misit
427 866 556 906 filium
588 867 814 915 Hibernia,
853 869 1008 919 recepit
1035 874 1193 919 patrem
1227 865 1396 906 Sueuia.

286 940 533 980 Exultemus
564 954 733 989 omnes,
771 938 988 978 laudemus
1021 939 1230 979 Christum
1261 940 1411 992 pariles

291 1012 463 1052 Sanctus
499 1011 771 1052 aduocantem
804 1020 843 1052 et
875 1011 1184 1064 glorificantem.

292 1071 446 1129 Cursu
475 1097 652 1141 pergunt
681 1096 794 1128 recto
825 1102 916 1127 cum
959 1089 1118 1139 agmine
1149 1088 1334 1137 collecto,

288 1166 387 1204 Tria
416 1172 581 1203 tranant
611 1164 764 1213 maria,
797 1164 1025 1204 celeumant
1058 1164 1221 1204 Christo
1251 1166 1394 1216 gloria,

292 1237 602 1286 Columbanus,
635 1237 800 1284 Gallus,
839 1236 1116 1288 Magnoaldus
1152 1245 1191 1276 et
1221 1237 1484 1286 Theodorus,

291 1308 482 1348 Chiliano
514 1310 650 1357 socio,
691 1317 784 1360 post
816 1309 958 1347 functo
990 1306 1233 1357 sacerdotio,

295 1381 436 1420 Gallos
463 1388 764 1433 perungantur,
804 1380 974 1420 Francis
1002 1380 1291 1420 immorantur.

294 1440 537 1494 Renouant
568 1454 809 1494 Luxouium
840 1454 883 1493 in
923 1454 1076 1494 Christi
1105 1455 1240 1494 caulas
1271 1455 1429 1500 ouium,

293 1532 409 1571 Passi
437 1532 577 1584 meclug
607 1531 744 1570 uarias
774 1529 1015 1569 Brunhitdis
1049 1539 1087 1571 et
1118 1532 1299 1581 insidias,

291 1605 446 1644 Tristes
459 1611 661 1656 spernunt
674 1603 904 1653 Franciam,
916 1602 1168 1644 contendunt
1183 1613 1222 1644 et
1234 1604 1488 1654 inSueuiam,

297 1675 441 1715 Castro
473 1675 522 1715 de
553 1676 764 1727 Turegum
795 1674 1045 1727 adnauigant
1074 1676 1347 1725 Tucconium,

295 1749 459 1787 Docent
497 1746 617 1786 fidem
650 1760 834 1799 gentem,
864 1749 1007 1788 Iouem
1038 1748 1235 1801 linquunt
1263 1746 1489 1787 ardentem.

300 1803 541 1862 Tuceonio
572 1823 730 1875 ingrato
761 1823 857 1863 hinc
884 1823 1241 1864 excommunicato

296 1896 466 1936 Uadunt
495 1897 538 1935 in
569 1896 795 1949 directum,
829 1914 1003 1939 examen
1033 1907 1077 1938 ut
1109 1899 1336 1947 collectum,

296 1968 484 2022 Querunt
516 1971 696 2010 aluearia
723 1979 968 2024 temptantes
998 1968 1087 2013 loca
1126 1973 1253 2022 uaria,

298 2040 510 2078 Arbonam
550 2054 625 2092 per
653 2042 787 2080 lacum
828 2042 1057 2082 aduolilant
1086 2042 1349 2094 potamicum.

300 2111 464 2163 Colligit
491 2112 762 2152 Uuillimarus
792 2115 884 2154 illos
917 2114 1080 2154 Christo
1113 2127 1244 2154 carus.

299 2170 454 2238 Pergit
482 2187 579 2226 hinc
607 2188 865 2240 Brigantium
885 2202 986 2240 grex
1013 2196 1152 2240 gentes
1178 2188 1492 2241 baptizantium.

304 2261 589 2302 Columbanus
622 2265 804 2316 amplum
830 2265 896 2305 hic
924 2263 1086 2303 Christo
1116 2271 1248 2303 sacrat
1279 2264 1491 2315 templum,

299 2334 432 2374 Docet
463 2350 639 2388 paruum
679 2338 835 2376 clerum
867 2344 1031 2377 cantare
1062 2335 1186 2375 deum
1217 2349 1379 2374 uerum.

298 2405 503 2447 Latrones
536 2417 574 2448 et
603 2408 707 2448 duos
738 2408 931 2449 occidunt
961 2410 1107 2448 fratres
1138 2421 1247 2456 suos,

303 2478 424 2530 Fugit
454 2494 552 2521 mox
581 2481 768 2531 Italiam,
801 2490 953 2522 terram
986 2482 1133 2534 procul
1173 2479 1306 2518 aliam.

228 2611 262 2650 2,
288 2610 310 2641 4
343 2609 427 2642 iiber
460 2609 525 2642 den
563 2616 692 2646 worten
719 2611 875 2646 Chiliano
908 2611 1002 2646 socio
1037 2611 1099 2644 mit
1123 2607 1240 2643 rother
1264 2607 1401 2643 schrift:
1444 2610 1491 2643 sic

135 2672 165 2704 in
193 2671 366 2705 teutonico
396 2670 536 2705 canitur.
