1721 2938
240 95 325 138 378
762 93 1088 137 UNIBOS.⁴

386 248 476 286 194.
534 245 726 285 Tounam
759 252 909 284 certate
944 246 1124 296 volvere,

538 316 575 359 O
607 317 729 368 socii,
762 317 1006 358 certissime:

542 388 601 429 Sit
634 388 833 429 fluctuum
874 390 1135 442 praepositus

539 460 617 501 Hic
649 462 799 501 unibos
830 461 1132 514 nequissimus.’

380 538 474 574 195.
530 534 577 572 In
607 541 738 585 ponto
769 533 874 572 salso
906 533 1116 585 mergitur,

534 606 749 658 Apotheca
780 605 1002 656 colliditur,

537 678 771 727 Subulcus,
805 678 910 725 heu,
943 677 1180 726 conteritur,

538 751 573 789 A
604 750 759 789 cunctis
792 751 1062 789 obliviscitur.

380 823 472 860 196.
528 821 749 862 Fatuitatis
787 819 935 876 divites

534 894 639 932 Tres
670 892 916 943 persolvisse
947 902 1158 943 compares

530 963 777 1003 Existimant
807 963 1050 1006 novissimas

527 1039 733 1080 Unibovis
767 1039 977 1091 exequias.

382 1118 476 1156 197.
538 1114 636 1152 Post
664 1112 765 1150 haec
803 1110 847 1149 in
879 1110 943 1150 die
972 1109 1107 1159 tertia,

538 1182 769 1235 Sollempni
802 1191 938 1222 tamen
971 1182 1087 1233 feria,

531 1257 786 1295 Visitaturus
828 1255 963 1294 fatuos

530 1327 654 1367 Redit
685 1327 900 1378 magistros
940 1327 1105 1365 uniboS.

382 1403 476 1439 198.
534 1402 571 1439 It
602 1414 677 1452 per
708 1399 830 1440 villae
861 1398 1125 1452 quadrivium

533 1473 698 1511 Tenens
728 1472 770 1511 iu
801 1471 948 1511 dextra
984 1472 1191 1520 baculum,

527 1546 758 1585 Porcorum
787 1543 1093 1584 multitudinem

530 1616 754 1655 Deducens
782 1623 876 1654 ante
909 1616 1067 1655 faciem.

376 1691 471 1728 199.
530 1689 720 1728 Distente
754 1687 940 1740 prudens
974 1687 1152 1735 bucinat,

532 1761 706 1800 Subulei
737 1774 853 1800 more
893 1759 1042 1810 sibilat,

531 1834 664 1872 Rufos
698 1847 790 1872 cum
822 1833 953 1872 furvis
987 1839 1196 1882 convocat,

534 1906 671 1944 Dente
705 1903 914 1943 laedentes
946 1903 1119 1943 territat.

369 1982 466 2018 200.
526 1977 609 2026 Qui
638 1976 827 2018 viderant
857 1977 1094 2024 unibovem,

531 2052 630 2101 Ejus
660 2050 851 2089 dicebant
881 2049 1070 2098 similem,

529 2122 594 2162 De
629 2136 713 2175 quo
743 2124 851 2161 sama
882 2123 1106 2171 volaverat,

522 2193 645 2243 Quod
677 2204 865 2235 mortuus
893 2197 972 2244 jam
1005 2195 1152 2233 fuerat.

341 2270 440 2306 201.
514 2267 745 2306 Nuntiatur
786 2267 1040 2319 praeposito,

528 2340 682 2389 Maiori
721 2352 813 2377 cum
850 2338 1093 2389 presbitero.

530 2410 652 2459 Quod
685 2411 834 2450 uuibos
861 2409 1073 2457 revixerit,

528 2483 576 2521 ln
607 2491 736 2534 ponto
769 2481 841 2534 qui
881 2493 1040 2520 mersus
1082 2479 1173 2518 fuit.

364 2559 460 2594 20¹2.
521 2556 623 2594 Tres
654 2554 713 2593 illi
743 2562 914 2605 surgunt
947 2550 1113 2604 stupidi,

527 2628 693 2668 Famam
726 2626 936 2667 credentes
972 2624 1133 2672 somnii,
