1721 2938
221 93 307 135 264
731 92 1064 134 ECBASIS.

370 247 558 286 Seniesos
590 245 734 297 pisces,
781 260 885 298 quos
917 245 1044 287 Indus
1074 247 1253 301 liquerat
1283 244 1447 306 hospes,

372 317 545 357 lnsimul
573 317 795 369 accipiant,
823 332 844 357 e
873 327 1020 371 quarto
1050 334 1223 360 munere
1254 335 1435 375 carpant,

231 395 311 430 630
371 388 487 437 Quae
521 389 601 430 sint
632 405 795 444 cunque
829 390 954 443 dapes
988 392 1126 432 sitiunt
1156 407 1397 436 consumere
1425 397 1585 449 fauce53

369 463 540 512 Jejunus
572 477 666 503 raro
697 466 933 504 stomachus
965 466 1147 517 vulgaria
1175 468 1345 508 temnit?

825 539 986 590 vulpes.

376 606 528 647 ‘Causa
558 622 738 662 namque
772 610 831 648 tui
860 619 1056 650 rorentur
1085 625 1259 650 munera
1286 611 1448 661 Bacchi,

372 679 430 719 Ut
461 681 566 719 bene
599 689 695 720 sunt
726 682 880 734 pransi,
910 681 1081 722 redeant
1115 682 1165 721 ad
1195 682 1338 721 limina
1369 683 1537 735 templi.'

310 739 554 798 Confestim
585 756 720 796 tristes
762 756 984 809 leopardus
1016 759 1143 797 currit
1182 756 1232 796 ad
1273 756 1392 796 aedes

239 838 318 873 635
377 833 676 885 Exclamatque
703 833 864 884 palam,
897 841 1127 871 conventus
1158 831 1306 872 deserit
1336 834 1483 874 aulam.

378 905 555 944 ‘Currite
591 918 664 944 vos
700 903 843 953 citius,
875 904 930 943 sic
959 918 1037 942 rex
1068 905 1182 953 jubet
1214 906 1287 945 iste
1318 906 1545 947 secundus:

376 978 474 1016 llice
504 978 579 1016 sub
611 975 738 1015 densa
771 977 1068 1016 stomachantia
1098 977 1267 1016 sternite
1298 980 1496 1030 membra,

379 1050 518 1089 Horas
550 1057 730 1099 cantate,
756 1050 960 1099 jentacula
991 1058 1108 1102 parta
1138 1059 1292 1099 vorate,

376 1122 527 1176 Deque
559 1121 650 1162 cibo
682 1122 832 1162 celeres
862 1123 1052 1175 proprias
1082 1123 1312 1174 cognoscite
1342 1123 1473 1166 sedes.

239 1194 320 1233 640
378 1193 475 1234 Non
508 1193 702 1245 strepitus
733 1193 872 1243 vocis,
907 1208 982 1233 nec
1017 1195 1066 1234 sit
1096 1196 1268 1235 mutatio
1299 1195 1420 1237 sedis.

378 1267 511 1316 Ligna
542 1267 675 1305 serant
708 1266 815 1315 ursi,
857 1276 1114 1319 comportent
1147 1276 1238 1307 suta
1270 1269 1425 1318 cameli,

379 1337 487 1378 Nam
513 1339 650 1378 latices
682 1335 787 1377 luter
819 1338 1014 1389 deducat,
1057 1339 1245 1392 aquatica
1273 1340 1389 1389 fiber,

378 1410 446 1450 Sic
471 1411 559 1460 fiat,
591 1412 647 1451 sic
679 1412 750 1459 sit,
783 1412 934 1450 horum
967 1420 1116 1451 natura
1149 1413 1354 1464 reposcit3

383 1482 597 1536 Obsequio
631 1482 786 1535 tigridis
818 1492 986 1523 curetur
1016 1484 1133 1536 copia
1163 1485 1294 1536 panis,

242 1554 321 1595 645
380 1555 567 1594 Piscibus
599 1555 811 1608 aptandis,
845 1556 991 1596 avibus
1019 1556 1123 1596 raris
1153 1555 1403 1610 piperandis‚

381 1627 494 1666 Escis
525 1642 617 1666 cum
651 1630 839 1682 reliquis,
874 1629 1000 1680 nigris
1031 1631 1212 1670 sollertia
1242 1630 1388 1668 barris.

381 1701 626 1752 Praeponor
655 1700 853 1752 dapibus,
891 1699 1082 1752 disponat
1111 1703 1259 1754 pocula
1289 1715 1447 1751 cervus,

381 1771 520 1811 Dente
548 1772 754 1813 timendus
785 1787 910 1826 aper,
943 1774 1119 1813 turbatis
1149 1774 1308 1815 viribus
1339 1789 1432 1814 acer

382 1844 468 1884 Has
503 1852 642 1897 portas
677 1854 835 1895 servet,
866 1846 986 1884 nobis
1018 1848 1223 1886 obstantia
1252 1849 1431 1900 spectet.’

863 1931 975 1969 aper.

247 1990 327 2026 650
388 1986 464 2027 ‘Ne
497 1996 714 2029 venatores
744 1990 949 2029 suffocent
980 2002 1055 2029 nos
1084 1990 1197 2029 velut
1226 1991 1376 2040 hostes,

388 2062 522 2112 Fagus
554 2061 667 2101 adest
699 2063 802 2111 alta,
837 2061 1084 2102 conscendat
1114 2063 1272 2116 squirio
1307 2064 1425 2113 celsa,

384 2134 473 2173 Hos
505 2143 694 2186 peragret
725 2135 836 2186 visu,
866 2149 1106 2187 percurram
1139 2124 1450 2178 cetera-sensu?

804 2207 1040 2260 leopardus.

387 2278 547 2319 ‘Linces
581 2294 672 2319 cum
705 2279 834 2320 damis
864 2280 909 2319 hi
939 2281 1020 2319 sint
1051 2277 1234 2318 custodia
1266 2277 1384 2329 regis,

384 2350 562 2392 Coerula
594 2361 699 2391 catta
733 2353 854 2391 maris
886 2360 1101 2392 conservet
1123 2359 1247 2391 strata
1273 2351 1456 2405 jacentis,

244 2425 323 2461 655
383 2423 530 2463 Tincta
561 2438 685 2477 super
714 2426 841 2464 lectos
874 2423 1088 2464 candescat
1113 2424 1235 2465 vestis
1262 2426 1454 2471 eburnos,

386 2494 515 2537 Simia
547 2497 742 2539 deformis
774 2506 937 2549 reparet
970 2496 1216 2538 caudelabra
1246 2497 1404 2545 lichnis,

315 2646 381 2676 633
410 2645 474 2677 sint
502 2647 540 2679 A.
641 2647 710 2679 638
737 2645 916 2688 gentacula
943 2647 985 2679 A.
