1721 2938
464 143 616 187 RUo
632 143 873 187 nmssss
928 143 1079 201 fragm.
1098 145 1210 189 xvl.
1424 150 1504 193 195

296 301 448 342 Rostro
479 310 722 353 gemmatam
755 301 982 355 preciosam
1015 302 1177 355 fertque
1209 317 1416 357 coronam,

168 372 246 408 100
290 373 500 424 inponens
533 373 655 424 capiti
686 372 861 412 Rodlieb
892 386 991 411 mox
1023 373 1171 413 assidet
1206 375 1286 415 illi'

159 738 235 773 105

158 1099 236 1134 110

159 1463 237 1499 115

159 1827 237 1862 120

295 444 446 485 Suavia
476 444 639 495 figendo
670 444 897 497 recipitque
932 458 1015 483 non
1045 448 1278 488 renuendo.

297 517 343 556 In
375 518 463 556 visu
495 524 626 555 mater
655 517 755 555 haec
790 531 961 555 cerneus
989 518 1322 570 praemeditatur,

298 588 406 637 Quid
441 597 574 642 queat‘
594 590 672 628 hoc
703 602 849 638 omne,
884 588 995 642 quod
1027 589 1150 640 vidit,
1181 592 1421 643 significare.

291 659 343 699 Et
373 662 559 714 quamvis
591 663 732 710 sciret,
767 659 878 714 quod
910 661 1110 701 honorem
1142 665 1447 716 praetitularet,

294 733 395 773 Inde
426 734 645 786 superbior
674 734 773 773 haut
804 749 850 773 ea
880 732 947 782 fit,
978 732 1047 772 sed
1082 735 1313 776 humillima
1345 741 1505 791 mansit,

296 806 367 846 Nil
400 807 498 856 sibi,
528 805 598 846 sed
630 805 787 846 domini
817 804 920 844 dans
950 807 1149 857 gratuitae
1178 808 1337 860 pietati,

296 870 503 934 Quicquid
534 888 740 920 tantorum
772 877 948 918 Rbdlieb
981 878 1177 920 concedat
1208 882 1430 923 honorum.

290 953 389 992 Post
418 952 604 993 triduum
638 960 803 1001 narrat,
834 951 934 991 deus
965 951 1025 990 illi
1057 967 1249 1007 quaeque
1277 958 1447 1008 revelat,

294 1023 360 1063 De
392 1026 555 1075 suibus,
599 1025 728 1078 capita
757 1025 908 1078 quibus
940 1024 1111 1064 abscidit
1145 1029 1394 1079 truculenta,

296 1097 347 1136 Et
378 1096 428 1136 de
457 1106 588 1149 strage
619 1111 739 1137 suum
771 1098 954 1149 geminos
986 1110 1108 1149 apros
1139 1099 1418 1149 comitantum,

301 1168 488 1217 Qualiter
516 1172 558 1209 in
590 1171 699 1209 tiliae
731 1183 892 1209 summo
923 1168 1033 1209 videt
1063 1171 1173 1209 hunc
1200 1171 1395 1219 residere,

293 1243 339 1282 ln
374 1243 582 1297 ramisque
613 1256 709 1283 suos
741 1244 817 1283 sub
848 1257 889 1283 se
922 1240 1086 1282 vidisset
1119 1244 1321 1294 alumnos,

296 1312 504 1368 Quodque
535 1317 724 1356 cOlumba
755 1316 833 1355 sibi
864 1315 969 1353 serat
999 1312 1266 1354 advolitaudo
1295 1330 1509 1371 coronam,

296 1387 343 1425 In
376 1389 652 1442 manibusque
684 1386 830 1428 sedens
861 1387 939 1426 sibi
970 1385 1105 1426 dulcia
1124 1388 1269 1427 suavia
1290 1394 1508 1442 praebens.

297 1461 422 1499 ‘Haec
464 1459 562 1499 dum
595 1462 837 1509 cernebam,
867 1459 1003 1499 subito
1035 1472 1133 1499 mox
1163 1461 1405 1512 evigilabam

295 1534 433 1587 Atque
465 1534 630 1586 pigebat
659 1547 724 1573 me
758 1532 928 1572 nimium
947 1562 957 1582 ,
988 1532 1044 1571 sie
1075 1531 1301 1584 evigilasse.

297 1605 345 1645 Id
375 1607 544 1658 vigilare
581 1608 685 1655 scio,
720 1605 828 1658 ‘quia
858 1605 988 1655 signat
1014 1618 1079 1644 me
1110 1607 1356 1648 morituram

290 1676 389 1716 Esse
420 1677 557 1730 prius',
591 1690 729 1716 rerum
761 1677 898 1716 veniat
929 1690 1051 1728 quam
1086 1675 1178 1715 finis
1222 1692 1378 1721 earum.

293 1750 400 1789 Nate
430 1749 648 1790 recordare
681 1762 804 1801 quam
836 1762 957 1800 saepe
995 1763 1067 1788 sua
1100 1750 1282 1790 bonitate

296 1823 356 1861 Te
395 1822 495 1861 deus
526 1821 681 1871 adjuvit
712 1829 749 1860 et
779 1822 829 1860 ab
858 1821 946 1873 ipsa
982 1830 1110 1861 morte
1141 1821 1327 1872 redemit,

292 1895 344 1934 Et
375 1893 563 1948 quod‘iu
595 1894 718 1934 exilio
747 1895 920 1951 multum
952 1894 1027 1934 tibi
1059 1894 1345 1935 subveniendo

291 1965 441 2017 Sospes
472 1966 538 2006 vel
568 1967 753 2018 locuples
782 1966 956 2017 patriam
988 1965 1055 2004 dat
1085 1965 1196 2018 quod
1228 1967 1458 2019 repetebas·
1488 1992 1491 1997 v

294 2037 416 2077 Nunc
448 2037 556 2087 scio,
592 2040 768 2087 majores
802 2045 996 2077 nacturus
1028 2038 1106 2076 eris
1138 2038 1251 2091 quod
1282 2039 1476 2089 honores,

292 2110 343 2149 Et
374 2109 496 2149 timeo
529 2108 673 2159 valde,
704 2108 917 2149 dominum
949 2110 1005 2149 sic
1034 2110 1275 2151 retribuisse

294 2182 428 2222 Nobis
460 2183 679 2231 ambobus,
715 2196 911 2235 umquam
941 2181 1077 2236 siquid
1108 2184 1337 2223 faceremus

292 2253 414 2303 Quod
443 2255 658 2307 placuisset
690 2255 751 2304 ei,
785 2268 928 2295 caveas
959 2253 1071 2307 quod
1101 2254 1259 2307 dicere,
1298 2256 1378 2306 fi1i3

289 2327 397 2366 Nam
417 2326 517 2380 quid
537 2322 763 2380 possemus,
778 2327 850 2380 qui
872 2327 942 2375 nil,
956 2327 1033 2367 nisi
1051 2327 1162 2381 quod
1184 2327 1263 2375 dat,
1276 2324 1505 2366 habemus?

297 2398 377 2438 Sed
408 2400 513 2438 bene
546 2413 617 2440 seu
650 2400 754 2440 male
787 2400 997 2453 contingat
1027 2401 1124 2452 tibi,
1161 2399 1211 2441 da
1242 2400 1320 2440 sibi
1351 2399 1509 2452 grates?

251 2543 332 2574 101.
361 2542 430 2574 114
454 2540 543 2575 steht
568 2542 670 2575 savia.

1116 2755 1200 2793 13¹¹<
