1721 2938
224 281 303 316 785
363 276 425 313 Ab
456 274 644 325 speculae
675 274 818 326 primis
849 274 1035 314 defertur
1065 277 1165 315 sella
1198 278 1361 326 curulis,

361 348 521 398 Vulpes
552 346 721 386 subrisit
751 345 850 386 dum
880 348 1036 399 sculpta
1067 349 1244 397 scabella
1271 351 1434 391 locavit.

362 419 476 460 Fecit
508 417 748 471 adoptivum
780 420 951 471 vulpina
983 422 1127 460 astutia
1157 421 1346 474 pardum.

361 491 569 532 Praesulis
599 491 737 532 officio
775 493 911 544 vulpis
943 506 1044 543 grex
1074 496 1250 535 conticet
1288 495 1435 546 omnis,

362 564 460 605 Non
492 579 682 604 murmur
709 573 901 614 resonat,
924 565 1035 616 pacis
1070 567 1289 608 concordia
1321 576 1491 608 constat.

224 640 304 676 790
363 636 491 677 Finiit
521 636 732 676 unicornis
768 637 840 675 ubi
870 639 1138 677 memorabile
1169 640 1337 690 Malchi,

366 708 526 760 Vulpes
560 708 792 760 consurgit,
827 707 1041 747 crIstallica
1072 711 1236 750 vascula
1265 712 1429 764 promit,

365 779 461 819 Non
493 781 626 819 solum
661 782 827 832 vulpes,
862 780 932 819 sed
963 783 1092 822 multo
1128 784 1365 832 nobiliores,

361 853 479 892 Potio
511 854 600 891 talis
635 853 770 901 adest,
801 867 906 906 quae
938 868 1061 893 versu
1107 855 1241 894 dicere
1274 869 1356 895 non
1393 864 1463 903 est,

364 923 496 973 Quam
528 934 694 977 portant
721 927 807 976 regi
836 927 1075 977 psallenteS‚
1123 940 1236 966 more
1267 927 1475 979 precandi.

830 999 975 1037 oratio.

226 1073 304 1108 795
363 1065 471 1115 ‘Quo
504 1068 592 1106 sine
623 1082 742 1107 nemo
772 1077 928 1120 potest,
968 1069 1039 1122 qui
1070 1070 1173 1108 mire
1207 1069 1371 1110 condita
1410 1071 1579 1123 profer.7

366 1140 449 1189 Qui
476 1141 618 1180 faciem
651 1142 754 1180 coeli
785 1141 969 1193 depingit
997 1140 1131 1180 sidere
1170 1144 1294 1194 pluri,

367 1214 536 1253 Huucce
567 1227 703 1264 regem
737 1212 929 1260 decoret,
968 1228 1106 1265 regem
1138 1229 1228 1255 cum
1260 1214 1408 1254 decore
1442 1215 1580 1252 salvet.

367 1286 432 1325 Sic
464 1300 537 1325 sua
568 1294 792 1338 perpetuus
822 1301 904 1326 non
943 1285 1101 1326 claudat
1132 1288 1289 1326 lumina
1322 1300 1503 1335 somnus,

366 1357 443 1397 Sed
476 1372 550 1397 sua
581 1367 783 1410 perpetuo
817 1366 1056 1410 vegetentur
1087 1360 1270 1398 membra
1300 1362 1453 1410 vigore,

228 1434 309 1468 800
370 1430 419 1468 Et
452 1431 853 1482 peragat'placitura
885 1445 958 1482 per
992 1433 1119 1470 multa
1153 1430 1353 1470 decennia
1387 1432 1524 1481 vitam,

369 1502 456 1540 Nec
489 1502 567 1540 sibi
598 1502 647 1541 sit
678 1502 845 1542 medicis
877 1516 981 1554 opus
1013 1517 1211 1555 unquam,
1243 1518 1318 1543 nec
1343 1504 1422 1543 sibi
1443 1518 1560 1544 casus

373 1574 455 1611 Aut
486 1575 656 1613 morbus
690 1576 816 1613 ullum
849 1576 1012 1626 pariant
1043 1575 1294 1629 quaudoque
1320 1578 1528 1622 laborem3

371 1645 450 1684 Sed
483 1648 627 1696 procul
660 1661 682 1685 a
713 1647 820 1686 curis
853 1655 892 1686 et
923 1660 1022 1686 sano
1055 1661 1229 1699 corpore
1259 1648 1387 1687 vivat.

371 1718 441 1756 Nil
472 1733 598 1769 prave
630 1720 790 1772 cupiat,
822 1719 967 1768 faciat,
1012 1734 1086 1758 nec
1118 1722 1302 1772 proferat
1333 1734 1528 1774 unquam,

231 1795 310 1828 805
371 1789 432 1828 Sit
462 1791 546 1831 vita
578 1792 761 1844 locuples
792 1801 829 1832 et
864 1791 1018 1831 Christi
1050 1806 1220 1831 munere
1252 1791 1410 1833 divest’

371 1864 427 1902 Ut
462 1863 551 1902 ssuit
582 1879 758 1904 oceanus
790 1864 910 1903 fluxit
941 1873 1063 1916 potus
1093 1866 1321 1916 piperatus.

378 1935 547 1987 Singula
596 1938 695 1990 quid
738 1935 994 1976 memorem?
1050 1945 1245 1988 superent
1297 1949 1388 1975 cum
1430 1936 1589 1985 singula

842 2013 857 2020 ”
1293 2007 1472 2055 laudem,

376 2079 509 2118 Nemo
542 2087 676 2130 potest
708 2081 867 2132 scriptis
899 2094 1069 2120 coenam
1105 2080 1324 2133 depingere
1355 2081 1474 2132 regis.

377 2150 489 2189 Inter
520 2150 811 2202 prandendum
843 2154 908 2192 leo
941 2162 1147 2192 scrutatur
1179 2168 1286 2194 nova
1325 2151 1524 2206 pardum:

237 2227 318 2262 810
378 2223 478 2262 ‘Cur
510 2232 547 2262 te
580 2225 844 2263 subtraheres
873 2225 1073 2277 paribus?
1104 2228 1214 2275 volo,
1233 2235 1276 2265 tu
1300 2226 1400 2265 mihi
1429 2238 1584 2275 narres,

376 2296 566 2335 Tardasti
596 2298 800 2346 multum3
829 2297 932 2336 velle
961 2306 1043 2346 est,
1083 2312 1327 2350 cognoscere
1357 2299 1536 2337 certum.’

837 2368 1002 2421 pardus,

379 2439 571 2480 ‘Somnus
602 2447 641 2478 te
677 2440 848 2492 fugitat,
878 2442 1090 2493 vigilantia
1121 2450 1160 2480 te
1193 2442 1412 2491 cruciabat,

380 2510 587 2551 Condolui
617 2513 714 2561 tibi,
746 2527 827 2552 uon
859 2528 1030 2566 parcens
1061 2514 1180 2562 mihi,
1212 2527 1391 2564 congrua
1423 2514 1535 2553 ve)«?:

342 2670 409 2700 785
436 2668 532 2700 stella
561 2668 597 2700 Α.
629 2666 666 2700 Β.
