1721 2938
223 112 278 153 32
651 110 1144 154 WAL'PHARIUS.

367 268 536 307 Desine.
595 263 820 303 waltharii
850 271 894 302 tu
927 263 1109 316 denique
1140 266 1296 305 viribus
1322 269 1477 320 impar]

368 339 517 377 Infelix
547 343 681 373 tamen
713 333 781 372 ille
814 347 953 374 means
983 336 1084 374 haec
1115 337 1253 374 omnia
1285 340 1450 388 sprevit.

362 409 474 448 Arsit
503 406 611 446 enim
640 406 825 455 juvenis,
853 406 1016 445 laudem
1048 415 1209 459 captare
1241 409 1474 461 cupiscens3

227 486 306 523 855
366 480 652 531 Tristatusque
684 478 854 529 Hagano
882 479 1057 531 suspiria
1089 488 1253 532 pectore
1282 483 1405 532 longa

370 551 538 599 Traxit,
580 558 618 589 et
649 551 722 589 has
752 550 836 589 imo
868 550 975 590 fudit
1004 550 1054 591 de
1086 551 1208 590 corde
1238 554 1448 605 loquelas:

366 621 426 663 ‘O
470 630 617 663 vortex
662 621 828 670 mundi,
873 624 1000 662 fames
1041 623 1252 663 insatiatus
1296 624 1496 675 habendi,

365 694 522 743 Gurges
555 691 768 741 avaritiae,
800 701 1042 732 cunctorum
1072 694 1178 733 fibra
1207 694 1431 733 malorum!

372 764 432 815 Ο,
470 766 627 803 utinam
657 766 790 804 solum
819 765 1008 815 glutires,
1048 764 1157 813 dira,
1198 768 1408 805 metallum

228 845 309 878 860
368 838 625 890 Divitiasque
655 838 776 885 alias,
813 837 1001 876 homines
1031 837 1200 888 impune
1230 839 1456 878 remittens.

368 909 448 949 Sed
473 918 513 948 tu
546 923 655 947 nunc
684 908 872 947 homines
899 922 1094 960 perverso
1126 910 1296 948 numine
1325 909 1503 962 perflans

368 981 580 1029 Incendis,
613 980 800 1032 nullique
833 993 953 1018 suum
986 983 1064 1030 jam
1099 980 1261 1020 sufficit.
1307 996 1397 1020 ecce

364 1054 462 1093 Non
484 1051 692 1104 trepidant
720 1060 896 1090 mortem
927 1066 1004 1103 pro
1023 1053 1139 1092 lucro
1171 1053 1383 1091 incurrere
1407 1062 1583 1106 turpem.

369 1123 535 1173 Quanto
567 1125 659 1175 plus
691 1123 870 1162 retinent
897 1130 1013 1163 tanto
1047 1125 1133 1162 sitis
1163 1123 1277 1163 ardet
1305 1125 1500 1164 habendi.

233 1202 312 1237 865
371 1196 564 1236 Externis
597 1194 721 1234 modo
752 1196 817 1244 vi,
863 1195 986 1236 modo
1021 1197 1172 1236 furtive
1202 1197 1446 1248 potiuntur3

369 1269 419 1308 Et
451 1267 564 1321 quod
594 1269 686 1320 plus
717 1277 889 1307 renovat
917 1269 1088 1320 gemitus
1115 1269 1386 1322 lacrimasque
1420 1269 1554 1318 ciebit,

368 1339 607 1390 Coeligenas
640 1340 795 1378 animas
824 1339 951 1378 Erebi
981 1341 1148 1379 fornace
1177 1340 1415 1380 retrudunt.

370 1412 497 1459 Eece,
542 1424 616 1461 ego
651 1409 840 1449 dilectum
874 1424 1038 1464 nequeo
1066 1425 1261 1452 revocare
1291 1419 1505 1465 nepotem3

372 1483 655 1523 Instimulatus
687 1483 796 1521 enim
826 1481 876 1520 de
906 1490 944 1521 te
977 1491 1057 1531 est,
1096 1497 1120 1522 o
1151 1497 1271 1523 saeva
1301 1484 1467 1536 cupido.

235 1562 316 1597 870
375 1555 440 1594 En
470 1568 614 1594 coecus
640 1563 815 1594 mortem
845 1562 1043 1606 properat
1071 1563 1233 1606 gustare
1263 1555 1506 1607 nefandam,

374 1628 427 1667 Et
454 1627 527 1668 vili
557 1641 633 1679 pro
667 1625 789 1665 laude
818 1627 932 1679 cupit
966 1626 1214 1666 descendere
1245 1627 1295 1666 ad
1327 1630 1509 1667 umbras.

371 1700 466 1739 Heu
485 1699 608 1748 mihi,
643 1712 734 1738 care
754 1712 881 1750 nepos
898 1698 1020 1738 matri
1041 1698 1138 1752 quid
1159 1699 1316 1751 perdite
1331 1698 1531 1739 mandas?

374 1770 476 1820 Quis
504 1785 640 1823 nuper
668 1769 830 1813 ductam
861 1771 1084 1820 refovebit,
1127 1785 1241 1820 care,
1284 1773 1493 1821 maritam,

374 1842 452 1881 Cui
481 1856 556 1880 nec
585 1850 726 1893 raptae
758 1842 845 1894 spei
873 1842 995 1894 pueri
1022 1841 1180 1881 ludicra
1212 1840 1392 1882 dedisti?

235 1917 315 1952 875
375 1909 476 1960 Quis
492 1912 567 1952 tibi
588 1926 681 1951 nam
701 1913 819 1951 furor
837 1910 925 1951 est?
958 1912 1066 1953 unde
1088 1913 1188 1952 haec
1206 1911 1410 1952 dementia
1424 1911 1588 1953 venit?'

376 1983 442 2023 Sic
472 1984 546 2033 ait,
588 1992 627 2023 et
655 1985 856 2035 gremium
885 1985 1061 2024 lacrimis
1094 1984 1320 2036 conspersit
1351 1985 1531 2036 obortis,

375 2056 427 2095 Et
458 2058 671 2108 ‘longum‚
703 2046 906 2106 formose,
939 2055 1094 2114 valel’l
1121 2057 1365 2108 singultibus
1393 2055 1490 2097 edit.

298 2112 601 2179 Waltharius,
641 2131 734 2170 licet
763 2147 786 2170 a
814 2133 956 2182 longe,
998 2133 1153 2172 socium
1184 2133 1272 2170 fore
1301 2139 1504 2170 moestum

371 2201 575 2252 Attendit‚
621 2203 857 2256 clamorque
892 2204 1014 2242 simul
1040 2203 1228 2255 pervenit
1257 2201 1305 2241 ad
1337 2216 1477 2251 aures,

238 2277 319 2312 880
377 2272 499 2313 Unde
530 2274 805 2313 incursantem
835 2276 891 2314 sic
922 2284 982 2314 est
1012 2276 1158 2314 affatus
1193 2283 1422 2328 equestrem

376 2346 548 2398 ‘Accipe
578 2346 813 2395 consilium,
852 2347 1014 2396 juvenis
1035 2349 1278 2396 fortissime,
1320 2355 1528 2394 nostrum,

449 2454 580 2462 *a

330 2523 400 2554 854
426 2521 514 2554 enim
539 2521 634 2554 uenis
660 2522 700 2555 A.
779 2523 848 2554 865
877 2522 1039 2554 extremis
1065 2522 1105 2556 C.
1175 2524 1245 2554 866
1273 2520 1376 2553 ciebis
1403 2519 1443 2552 B.
1515 2522 1584 2552 869

238 2584 291 2612 est
317 2580 359 2613 de
385 2586 419 2613 te
446 2581 484 2614 B.
543 2583 614 2614 872
638 2580 719 2624 quid
744 2581 841 2614 matri
868 2582 908 2616 B.
966 2585 1036 2616 874
1061 2582 1226 2615 ludicrum
1247 2582 1286 2616 C.
1344 2584 1412 2614 876
1438 2580 1583 2613 lacrimis

239 2641 403 2682 gremium
432 2644 470 2675 Α.
542 2645 612 2676 877
638 2642 766 2676 famose
793 2644 832 2677 A.
905 2646 976 2677 880
999 2654 1101 2678 unum
1129 2644 1167 2678 C.
1234 2645 1301 2675 831
1330 2641 1514 2675 clarissime
1540 2640 1580 2672 Β.
