1721 2938
450 111 493 153 R
508 111 544 154 U
564 112 603 153 Ο
618 111 658 154 D
674 111 800 154 1211«)
818 113 854 154 B
912 111 1066 167 fragm.
1089 111 1182 155 XV.
1409 115 1488 157 191

145 268 198 305 40
258 296 269 306 .
329 295 338 304 .
397 295 406 305 .
466 274 502 305 et
533 274 706 318 propter
735 264 846 319 quod
878 278 948 305 eos
976 267 1222 316 glomeraret

605 368 613 377 .
673 337 715 378 ir.
745 336 923 388 genitrix
952 350 1023 375 sua
1056 351 1128 376 ceu
1157 338 1235 377 sibi
1263 339 1390 378 suasit

256 413 264 431 ‘
270 440 612 450 ......
671 409 769 459 m]ei
799 409 1092 459 consanguinei
1123 410 1186 449 vel
1216 411 1336 450 amici

604 510 613 520 .
671 494 764 519 mea
794 488 927 520 mater
956 495 1092 533 quove
1122 482 1266 521 labore

253 580 607 593 ......
668 554 752 592 ulla
782 553 909 604 patris
940 562 1061 605 atque
1095 554 1174 592 mei
1201 552 1370 594 viduata

139 629 193 667 45
253 655 262 665 .
323 654 333 666 .
393 656 400 664 .
462 656 471 665 .
529 655 539 664 .
598 655 608 665 .
667 633 742 665 cta.
797 625 914 665 vobis
943 625 984 664 in
1016 638 1062 663 re
1094 634 1203 678 patet
1232 628 1322 679 ipsa

465 696 678 748 defi]ciunt
706 697 815 736 vires
846 705 886 736 et
913 698 1098 736 membra
1131 697 1323 737 fatiscunt

601 794 610 803 .
669 765 777 804 valet
807 780 830 804 a
859 762 1006 813 modo,
1036 765 1170 818 quivit
1199 774 1245 805 ut
1272 775 1365 807 ante

602 865 612 875 .
671 837 748 875 bro
778 844 920 876 narrat
948 837 1015 876 vel
1042 835 1085 876 id
1115 838 1203 890 ipse
1231 839 1381 879 videbo

598 937 607 946 .
665 909 702 947 ri
732 923 817 949 non
850 917 978 948 cessat
1007 910 1215 950 consiliari

136 983 188 1018 50
252 1008 261 1019 .
324 1009 332 1018 .
395 1010 404 1020 .
466 1010 474 1019 .
535 1009 544 1019 .
604 1009 614 1018 .
674 992 721 1019 os
753 980 846 1019 misi
875 993 939 1019 me
972 981 1281 1022 conveniendos

461 1060 523 1090 eat
554 1051 632 1090 sibi
663 1051 837 1104 quisque
869 1053 936 1092 vel
966 1053 1045 1092 hoc
1075 1054 1175 1092 mihi
1205 1053 1311 1094 dicat

598 1153 607 1162 .
664 1125 857 1162 mulieres
888 1132 984 1162 sunt
1012 1125 1113 1163 mihi
1144 1134 1266 1165 notae

389 1224 398 1233 .
456 1195 559 1233 scire
591 1208 674 1246 quo
705 1209 770 1234 me
800 1203 956 1235 vertam
986 1195 1088 1233 mihi
1117 1196 1250 1234 fauste

594 1297 602 1306 .
662 1279 788 1319 super
818 1267 896 1306 bac
924 1281 968 1305 re
1000 1265 1098 1319 quid
1131 1266 1288 1305 faciatis

133 1342 186 1377 55
249 1366 258 1376 .
317 1367 326 1376 .
388 1365 397 1375 .
459 1365 467 1374 .
528 1366 537 1375 .
596 1366 605 1376 .
666 1338 699 1376 si
731 1352 854 1390 quam
890 1338 1074 1389 reperire
1113 1340 1272 1390 queatis

382 1436 391 1446 .
451 1416 490 1446 et
520 1417 706 1447 nostrum
738 1422 867 1460 genus
894 1408 936 1447 id
965 1408 1036 1448 sed
1070 1410 1244 1459 inauret,

593 1509 601 1518 .
661 1481 718 1519 ita
747 1481 813 1519 vel
851 1481 959 1519 vitae
991 1481 1232 1521 nobilitate’

243 1511 531 1604 ⁸[Respondent
560 1550 756 1603 p]arile1:
793 1551 846 1590 ‘id
879 1565 1002 1604 quam
1032 1552 1228 1592 faciemus
1260 1563 1431 1596 ovanter

590 1654 600 1664 .
659 1636 680 1661 e
715 1630 755 1661 te
788 1622 1001 1663 videamus
1046 1614 1239 1666 obortum

131 1700 183 1734 60
311 1725 322 1734 .
383 1726 393 1736 .
454 1724 465 1734 .
526 1724 535 1734 .
596 1724 605 1734 .
663 1696 862 1734 virtutum
894 1697 980 1735 sive
1011 1698 1220 1736 bonorum

243 1763 425 1823 [Quibus
456 1766 620 1818 dita]vit
648 1775 686 1806 te
720 1765 858 1806 Christ
888 1774 926 1805 et
959 1767 1274 1809 honorificavit?

596 1868 605 1878 .
638 1853 745 1892 'que
778 1851 822 1877 se
852 1838 1061 1890 spondens
1091 1842 1191 1880 haec
1221 1841 1370 1893 agitare

246 1940 530 1952 .....
591 1939 601 1949 .
659 1924 731 1950 ens
763 1909 829 1949 cui
858 1918 981 1951 notae
1013 1921 1108 1952 sunt
1134 1898 1323 1966 regiones

595 2011 602 2020 .
661 1982 734 2035 qui
766 1982 932 2021 fuerant
960 1983 1020 2022 ibi
1048 1985 1199 2024 summi

130 2062 181 2097 65
249 2087 258 2097 .
316 2087 326 2097 .
387 2085 396 2094 .
458 2085 466 2094 .
527 2084 536 2093 .
594 2083 602 2093 .
663 2068 787 2093 unam
814 2055 897 2094 scio
927 2068 1032 2107 quae
1062 2058 1137 2096 tibi
1163 2072 1241 2110 par
1271 2056 1317 2096 fit

597 2156 607 2164 .
667 2127 816 2167 virtute
848 2139 898 2166 ve
936 2127 1152 2168 nobilitate

665 2199 761 2238 deas
792 2211 886 2237 cum
914 2197 1066 2239 videris
1102 2210 1145 2240 ut
1186 2201 1350 2241 fatearis

518 2302 527 2310 .
586 2301 594 2311 .
653 2272 807 2310 nullam
839 2270 949 2323 quod
978 2270 1151 2322 vidisses
1191 2271 1455 2312 dominellam

658 2358 721 2383 em
764 2353 847 2383 tam
877 2344 1130 2384 strennuiter
1174 2344 1388 2383 facientem

129 2424 182 2458 70
243 2446 253 2456 .
313 2445 323 2455 .
380 2445 393 2470 3
452 2445 462 2454 .
519 2446 528 2454 .
587 2445 597 2455 .
654 2417 709 2464 it,
746 2423 790 2454 ut
820 2429 1027 2469 quemque
1059 2417 1193 2457 virum
1224 2414 1449 2456 decuisset?
