1721 2938
227 161 284 203 20
648 154 1148 200 WALTHARIUS.

369 314 481 353 Inter
506 321 624 362 quos,
653 306 747 344 licet
776 312 1004 356 angustum,
1034 315 1176 354 specus
1209 311 1319 343 extat
1345 319 1578 356 amoenum,

230 390 312 429 495
369 385 467 425 Non
497 380 643 419 tellure
675 391 773 416 cava
803 378 954 416 sactum
985 373 1056 413 sed
1086 375 1235 415 vertice
1263 374 1429 428 rupurn.

304 472 310 478 ·
367 457 476 507 Apta
507 450 673 504 quidem
703 449 822 489 statio
852 447 1082 487 latronibus
1111 446 1181 485 illa
1211 448 1412 497 cruentis;

371 526 558 577 Angulus
583 522 650 562 hic
675 520 827 562 virides
862 536 906 560 ac
937 532 1076 559 vescas
1110 527 1288 569 gesserat
1317 520 1481 559 herbas.

368 598 491 636 Hunc
521 608 619 634 mox
648 601 693 632 ut
723 592 825 633 vidit
852 591 1012 642 juvenis
1042 590 1167 630 ‘huc'
1198 591 1334 644 inquit
1363 593 1550 640 ‘eamus‚

370 668 447 707 His
475 670 592 716 juvat
618 666 660 704 in
690 666 831 704 castris
863 665 1013 703 sessum
1047 676 1294 714 componere
1324 663 1510 715 corpus.’

231 748 311 787 500
365 740 475 781 Nam
503 746 723 791 postquam
754 737 913 787 fugiens
943 736 1125 775 Avarum
1158 734 1396 774 discesserat
1425 735 1532 785 oris,

368 813 466 854 Non
500 811 616 850 aliter
645 809 779 848 somni
808 808 993 860 requiem
1025 815 1258 858 gustaverat
1288 806 1422 856 idem,

368 885 503 934 Quam
533 895 659 934 super
685 881 856 919 innixus
886 882 1054 932 clype03
1088 879 1157 919 vix
1190 879 1387 919 clauserat
1417 880 1554 920 orbes.

364 957 519 996 Bellica
546 963 632 993 tum
666 952 830 991 demum
861 950 1071 1002 deponens
1103 949 1312 1001 pondera,
1351 950 1453 990 dixit

362 1028 545 1079 Virginis
578 1027 619 1064 in
648 1025 848 1076 gremium
885 1025 1000 1062 fusus
1029 1022 1317 1074 ‘circumspice
1347 1030 1485 1070 caute,

226 1108 308 1145 505
366 1103 557 1151 Hiltgunt
586 1106 647 1147 et,
678 1097 872 1135 nebulam
903 1095 937 1133 si
966 1094 1054 1134 tolli
1083 1093 1235 1133 videris
1268 1103 1395 1134 atram
1413 1124 1423 1143 ‚

361 1169 534 1213 Attactu
563 1169 717 1208 blando
750 1182 814 1207 me
843 1181 1009 1218 surgere
1040 1166 1353 1216 commonita103

368 1245 420 1284 Et
449 1244 543 1282 licet
572 1243 776 1292 ingentem
810 1238 1075 1291 conspexeris
1105 1237 1165 1276 ire
1196 1245 1399 1276 catervam

365 1316 430 1356 Ne
461 1314 597 1354 subito
629 1312 810 1351 excutias
842 1324 1008 1359 somno,
1041 1310 1098 1348 mi
1127 1323 1242 1358 cara,
1272 1317 1428 1348 caveto.

365 1386 474 1427 Nam
505 1384 653 1437 procul
679 1384 776 1422 hinc
805 1382 910 1422 acies
937 1381 1046 1434 potis
1075 1394 1117 1419 es
1145 1380 1419 1420 transmittere
1441 1393 1580 1433 puras,

225 1463 307 1500 510
365 1461 592 1499 Instantem
623 1462 809 1495 cunctam
841 1454 947 1492 circa
976 1454 1147 1504 explora
1175 1452 1414 1502 regionem.’

366 1531 480 1570 Haec
510 1529 588 1577 ait,
629 1535 753 1580 atque
786 1526 927 1564 oculos
959 1525 1216 1563 concluserat
1244 1523 1331 1575 ipse
1362 1523 1549 1573 nitentes,

365 1604 538 1655 Jamque
566 1599 636 1639 diu
668 1600 763 1638 satis
795 1606 932 1651 optata
962 1597 1118 1636 fruitur
1146 1596 1346 1649 requiete.

305 1658 402 1717 Ast
432 1677 505 1716 ubi
534 1675 792 1715 Guntharius
818 1673 986 1724 vestigia
1015 1672 1056 1710 in
1090 1673 1263 1723 pulvere
1287 1669 1416 1718 vidit,

365 1746 642 1801 Cornipedem
670 1746 863 1800 rapidum
895 1746 1025 1786 saevis
1058 1743 1284 1783 calcaribus
1315 1748 1452 1792 urget3

223 1825 305 1863 515
363 1821 648 1873 Exultansque
678 1818 824 1859 animis
854 1819 1026 1867 frustra,
1065 1816 1121 1855 sic
1152 1818 1263 1856 fatur
1290 1814 1339 1853 ad
1370 1825 1515 1853 auras:
1542 1834 1546 1837 -

364 1894 619 1932 ‘Accelerate
650 1891 751 1939 viri,
780 1895 860 1940 jam
890 1903 1001 1929 nunc
1030 1888 1197 1940 capietis
1228 1885 1427 1937 eundem3

363 1964 591 2017 Nunquam
620 1963 743 2003 hodie
775 1961 960 2013 effugiet,
998 1961 1132 1999 furata
1169 1961 1319 1999 talenta
1345 1956 1577 2010 relinquet?

366 2039 532 2078 Inclitus
563 2045 603 2075 at
632 2036 804 2086 Hagauo
836 2042 981 2073 contra
1009 2045 1108 2071 mox
1137 2030 1317 2070 reddidit
1345 2030 1424 2069 ista

363 2109 526 2148 ‘Unum
557 2107 647 2147 dico
675 2107 772 2155 tibi,
800 2119 943 2156 regum
971 2103 1214 2151 fortissime,
1248 2110 1431 2149 tantum,

224 2183 306 2219 520
365 2178 409 2218 Si
439 2179 595 2219 tociens
626 2186 669 2217 tu
696 2176 980 2217 Waltharium
1010 2186 1212 2227 pugnasse
1243 2171 1425 2219 videres,

365 2254 500 2304 Atque
522 2264 630 2290 nova
652 2250 807 2290 tociens
822 2278 833 2298 ,
863 2247 1060 2301 quociens
1078 2260 1172 2298 ego,
1203 2242 1326 2285 caede
1342 2244 1572 2292 furentem3

358 2324 584 2377 Nunquam
614 2330 696 2362 tam
726 2321 844 2362 facile
872 2318 1133 2373 spoliandum
1165 2319 1270 2357 forte
1300 2323 1481 2368 putares.

315 2507 385 2538 495
411 2510 546 2548 ruptum
572 2504 611 2538 C.
632 2502 675 2538 E.
734 2505 803 2537 498
830 2502 893 2535 huc
918 2512 998 2535 mox
1023 2501 1064 2534 B.
1123 2501 1189 2532 501
1219 2497 1370 2540 requiem
1395 2493 1503 2528 somni
1530 2492 1570 2527 C.

220 2567 294 2598 502
326 2566 441 2598 orbem
470 2566 509 2600 C.
530 2565 572 2598 E.
644 2567 715 2597 503
747 2568 826 2596 tunc
853 2565 892 2598 Α.
965 2564 1036 2595 508
1070 2559 1150 2594 mihi
1186 2560 1266 2593 kara
1294 2559 1342 2599 B;
1382 2552 1569 2589 vielleicht:

224 2637 345 2659 somno
376 2637 449 2666 me,
484 2637 582 2667 cara3
621 2625 723 2658 oder:
758 2634 911 2658 somnum
943 2621 1042 2664 mihi,
1079 2631 1167 2655 cara.
1263 2620 1332 2652 513
1369 2613 1570 2649 cundharius

217 2687 364 2730 uestigia
394 2689 534 2731 puluere
560 2690 601 2723 B.
626 2686 647 2732 ig
676 2690 746 2721 516
771 2690 907 2720 euntem
935 2685 976 2719 B.
1048 2683 1220 2720 519.'520
1253 2681 1442 2715 verschiebt
1467 2685 1508 2719 C.
