1721 2938
226 161 291 188 XIV

224 314 302 338 nen
348 300 597 349 geschefflze,
645 297 782 338 wobei
826 296 1052 337 besonders
1097 297 1161 335 die
1207 301 1577 349 rangverhi‘iltuisse

228 371 306 408 sein
348 371 604 408 beobachtet
633 370 818 410 werden.
889 370 957 408 Ich
1004 371 1106 409 hebe
1149 369 1224 408 den
1268 385 1361 410 vers
1404 374 1577 412 hervor:

224 442 382 482 Obvius
417 442 471 479 acl
503 449 650 494 pontem
683 444 797 482 venit
836 443 868 482 is
904 442 978 482 tibi
1009 458 1072 481 nos
1111 444 1358 491 dirimentem,
1398 442 1483 480 Pax
1521 442 1578 480 ibi
1611 428 1617 435 ,

223 516 408 553 firmatur
441 511 498 566 (3,
532 512 617 567 22.)
688 529 729 553 es
772 529 859 554 war
898 516 1055 553 uralter·
1093 516 1273 563 brauch,
1315 514 1403 553 dass
1442 514 1578 564 krieg-

224 583 428 622 siihrende
472 585 667 624 herscher
703 586 745 623 in
789 584 863 624 der
901 586 1013 624 mitte
1055 584 1125 624 des
1168 586 1334 634 ilusses,
1376 584 1449 623 der
1489 587 1578 624 ihre

222 655 358 694 reiche
390 655 552 706 schied,
597 657 815 706 gleichsam
855 656 969 707 jeder
1002 658 1110 696 noch
1152 658 1412 713 aufpeinem
1444 657 1576 709 grund

220 726 415 776 stehend,
446 726 514 765 fiir
543 725 623 765 den
656 728 951 768 sriedensbnnd
985 730 1357 767 zusanunentrafen
1391 727 1475 766 und
1507 729 1578 766 ihn

222 797 456 836 beredeten.
528 797 599 837 das
640 801 780 838 alteste
822 800 989 851 zeugnis
1026 801 1151 838 bietet
1191 800 1356 838 Tacitus
1398 798 1509 852 (hist.
1541 804 1578 848 5,

221 869 324 924 26):
367 871 507 922 ‘petito
556 872 762 924 colloquio
808 874 986 911 scinditur
1028 873 1225 911 Nabaliae
1260 874 1430 926 fluminis
1475 887 1578 925 pons,

220 947 255 981 in
294 943 399 996 cujus
439 945 602 997 abrupta
644 946 851 996 progressi
894 944 1042 984 duces.’
1113 945 1222 983 dann
1269 946 1377 984 beim
1420 946 1576 984 srieden

221 1016 428 1056 zwischen
449 1017 647 1057 Heinrich
672 1018 688 1055 I
713 1018 795 1056 und
817 1017 912 1057 Carl
939 1017 1029 1057 dem
1059 1018 1289 1069 einsaltigen
1317 1033 1397 1059 von
1414 1020 1578 1058 Frank-

219 1090 354 1139 reich,
391 1090 527 1129 annal.
557 1090 731 1131 lobiens.
762 1089 812 1129 ad
845 1105 880 1130 a.
912 1095 991 1129 923
1025 1089 1163 1144 (Pertz
1196 1098 1233 1141 2,
1263 1091 1386 1146 210):
1419 1091 1577 1131 ‘eodem

219 1178 328 1204 auno
373 1163 554 1203 Karolus
595 1177 685 1202 cum
727 1163 908 1203 Henrico
950 1179 1044 1216 roge
1086 1165 1389 1205 Germanorum
1434 1163 1577 1204 foedus

216 1239 329 1288 iniit,
384 1246 422 1279 et
468 1239 518 1279 ab
574 1251 712 1279 amore
752 1235 822 1293 (ob
874 1240 1075 1289 amorem)
1125 1239 1294 1278 Henrici
1334 1237 1577 1278 lothariensi

217 1328 343 1364 regno
389 1315 520 1353 cessit.
597 1317 779 1363 juratum
829 1325 887 1354 est
929 1315 1138 1366 utrimque
1188 1316 1238 1352 ab
1286 1311 1488 1364 episcopis
1537 1318 1577 1349 et

219 1386 437 1425 comitibus
466 1390 502 1424 in
538 1387 656 1424 medio
686 1389 782 1425 Rem?
802 1388 962 1437 fluminis
995 1385 1104 1437 apud
1132 1385 1355 1433 B0n11am‚’
1383 1384 1463 1435 vgl.
1495 1383 1576 1421 Ba-

216 1462 309 1498 luze
355 1459 521 1510 capitul.
547 1464 587 1508 2,
617 1463 715 1497 299.
786 1458 934 1510 SpI'iter
972 1459 1062 1496 eine
1103 1457 1465 1496 znsanunenknnst
1504 1455 1576 1495 der

215 1530 369 1580 kOnige
410 1529 623 1569 Friedrich
664 1530 748 1568 und
780 1529 959 1580 Ludwig
998 1531 1050 1568 im
1079 1533 1107 1579 j.
1144 1534 1249 1569 1162
1294 1527 1505 1578 (Helmold
1542 1532 1574 1577 1,

219 1601 314 1655 90):
349 1605 401 1641 ‘et
432 1602 541 1640 misit
573 1615 711 1641 caesar
739 1602 787 1641 ad
818 1616 953 1653 regem
985 1602 1183 1641 Franciae
1214 1600 1493 1649 Ludovicum,
1530 1607 1574 1637 ut

217 1683 452 1714 occurreret
490 1675 569 1713 sibi
607 1674 715 1727 apud
748 1675 960 1722 Laoumn,
1002 1688 1107 1726 quae
1148 1682 1208 1712 est
1248 1674 1288 1712 in
1329 1682 1438 1712 terra
1467 1673 1574 1710 Bur-

215 1746 498 1798 gundionum,
525 1751 642 1797 juxta
680 1748 844 1786 Ararim
888 1747 1086 1795 fluvium,
1131 1745 1179 1784 ad
1212 1744 1574 1796 redintegrandum

216 1821 413 1859 unitatem
442 1820 633 1859 ecclesiae
669 1850 678 1860 .
702 1849 712 1859 .
733 1849 743 1859 .
767 1849 776 1858 .
810 1818 1048 1860 Ludovicus
1079 1834 1154 1858 rex
1196 1819 1419 1868 Franciae,
1459 1821 1574 1867 cujus

214 1892 436 1944 praecipue
460 1892 774 1941 exspectabatur
803 1889 1016 1938 adventus,
1045 1890 1113 1928 ubi
1142 1890 1344 1928 intellexit
1371 1902 1574 1928 caesarem

216 1964 464 2015 appropiare
504 1978 596 2002 cum
631 1963 813 2001 exercitu
847 1971 886 2002 et
923 1963 1045 2000 armis
1079 1962 1237 2009 multis,
1275 1961 1477 2001 dubitavit
1507 1975 1575 2001 oc-

217 2051 383 2075 currere
418 2037 467 2075 ei.
534 2035 619 2079 setL
639 2044 811 2088 propter
848 2034 969 2074 fidem
1000 2043 1350 2074 sacramentorum
1382 2033 1495 2075 venit
1524 2031 1574 2071 ad

216 2107 354 2148 locum
385 2109 525 2160 placiti
555 2110 773 2147 constituto
804 2107 890 2157 die,
930 2108 1009 2147 hoc
1039 2114 1096 2146 e'st
1126 2107 1167 2146 in
1206 2106 1476 2146 decollatione
1504 2105 1574 2144 Jo-

215 2181 364 2221 hannis
395 2181 594 2232 baptistae
627 2188 665 2218 et
696 2180 884 2218 exhibuit
922 2193 963 2218 se
993 2183 1028 2217 in
1058 2184 1177 2230 pontis
1207 2180 1349 2227 medio,
1389 2179 1439 2216 ab
1470 2177 1574 2216 hora

215 2252 335 2291 tertia
368 2265 497 2304 usque
532 2250 583 2289 ad
613 2251 759 2290 horam
800 2265 952 2290 nonam
986 2250 1097 2303 quod
1135 2264 1211 2289 rex
1241 2250 1439 2289 FrancIae
1471 2250 1574 2290 acci-

218 2325 334 2376 piens
365 2338 440 2375 pro
474 2324 610 2362 omine
641 2325 727 2361 lavit
758 2338 890 2361 manus
918 2338 1008 2361 suas
1036 2327 1071 2361 in
1091 2325 1272 2377 flumine,
1307 2325 1360 2362 ob
1391 2322 1573 2362 testimo-

219 2397 332 2435 nium
364 2383 480 2449 quasi
512 2395 583 2447 qui
614 2395 732 2434 fidem
760 2395 983 2446 pollicitam
1009 2394 1246 2444 reddiderit,
1275 2402 1314 2434 et
1340 2392 1572 2444 digrediens

218 2467 313 2506 inde
353 2467 451 2505 abiit
491 2467 579 2517 ipso
620 2479 791 2517 vespere
822 2465 1060 2505 Divionem.
1117 2466 1285 2506 veniens
1317 2478 1412 2515 ergo
1447 2472 1571 2507 noctu

219 2553 359 2578 caesar
372 2547 445 2578 ete.
503 2536 557 2575 So
590 2537 695 2576 noch
731 2550 904 2575 unserer
934 2543 1023 2586 tage
1052 2535 1118 2574 bei
1137 2534 1228 2574 dem
1250 2536 1394 2574 tilsiter
1411 2533 1569 2574 frieden

218 2610 349 2648 trasen
372 2610 456 2648 sich
475 2608 692 2660 Napoleon
712 2608 798 2647 und
820 2606 1054 2646 Alexander
1071 2621 1151 2647 von
1170 2606 1370 2646 Russtand
1390 2606 1468 2658 auf
1487 2607 1570 2644 dem

219 2681 354 2719 Memel
380 2680 418 2716 in
452 2681 583 2720 ciuem
615 2682 791 2731 nachon,
823 2679 907 2719 und
940 2679 1003 2719 die
1035 2680 1264 2730 geschichte
1295 2682 1426 2719 kennt
1456 2679 1570 2717 meh-
