1721 2938
585 128 1088 173 WAL'PHARIUS.
1489 137 1517 178 3

205 548 215 569 0

219 545 382 628 Tertia
413 597 506 636 pars
539 585 673 634 orbiS,
715 585 883 634 fratres,
922 585 1089 637 Europa
1120 596 1307 638 vocatur,

270 656 462 695 Moribus
494 671 538 695 ac
566 657 716 707 linguis
751 659 883 696 varias
916 666 954 696 et
975 646 1151 698 nomine
1181 670 1320 710 gentes

269 729 537 779 Distingueus
570 730 706 778 cultu,
737 737 822 768 tum
855 730 1068 781 relligione
1092 741 1368 784 sequestrans.

267 804 379 842 Inter
410 816 511 855 quas
545 815 642 853 gens
671 801 912 840 Pannoniae
943 802 1124 842 residere
1154 807 1378 856 probatur,

188 878 211 912 5
272 873 405 921 Quam
437 882 573 912 tamen
609 881 647 912 et
682 874 830 912 Hunos
866 876 1111 927 plerumque
1144 890 1293 916 vocare
1324 879 1517 922 solemus.

268 947 345 986 Hic
374 947 555 998 populus
588 947 703 985 sortis
735 947 886 986 virtute
918 948 1078 998 vigebat
1109 928 1159 987 et⁴
1178 951 1326 1000 armis,

268 1019 364 1057 Non
397 1020 549 1058 circum
580 1018 734 1070 positas
765 1019 899 1057 solum
932 1018 1138 1058 domitans
1170 1021 1379 1071 regiones,

269 1092 440 1130 Liuoris
473 1089 627 1131 Oceani
659 1090 729 1129 sed
767 1091 1092 1142 pertransiverat
1122 1106 1237 1141 oras,

270 1162 456 1202 Foedera
486 1164 740 1215 supplicibus
772 1163 931 1202 donans
967 1172 1237 1215 sternensque
1273 1165 1460 1204 rebelles.

161 1240 211 1274 10
270 1235 387 1274 Ultra
420 1235 608 1274 millenos
642 1236 772 1274 fertur
803 1234 1058 1274 dominarier
1093 1247 1239 1272 annos.

271 1307 396 1345 Attila
426 1320 500 1345 rex
531 1306 709 1358 quodam
741 1307 833 1345 tulit
861 1306 963 1345 illud
996 1314 1182 1357 tempore
1211 1318 1405 1352 regnum,

268 1379 446 1430 Impiger
476 1379 667 1430 antiquos
699 1378 862 1416 sibimet
890 1391 1094 1416 renovare
1123 1376 1372 1426 triumphoS.

272 1449 354 1497 Qui
384 1464 457 1488 sua
489 1459 618 1488 castra
647 1462 817 1489 movens
852 1448 1063 1488 mandavit
1091 1449 1222 1488 visere
1253 1448 1457 1499 Francos,

269 1521 459 1570 Quorum
491 1535 566 1560 rex
596 1521 772 1560 Gibicho
807 1520 910 1560 solio
942 1522 1123 1573 pollebat
1153 1521 1193 1558 in
1228 1521 1332 1568 alto,

161 1599 212 1635 15
270 1596 392 1634 Prole
424 1607 566 1632 recens
600 1602 690 1649 orta
724 1592 929 1644 gaudem,
972 1607 1096 1645 quam
1127 1601 1270 1644 postea
1302 1606 1449 1633 narro:

270 1668 460 1719 Namque
493 1680 646 1705 marem
680 1667 837 1716 genuit,
869 1678 990 1716 quem
1009 1665 1287 1704 Guntharium
1313 1665 1520 1706 vocitavit.

215 1722 360 1782 Fama
392 1743 536 1782 volans
567 1739 707 1792 pavidi
736 1741 842 1791 regis
874 1741 1180 1779 transverberat
1211 1751 1354 1785 aures,

274 1816 427 1853 Dicens
456 1813 649 1852 hostilem
682 1827 858 1851 cuneum
890 1813 1065 1851 transire
1097 1824 1174 1862 per
1203 1810 1412 1858 Histrum,

274 1889 520 1926 Vincentem
552 1899 726 1924 numero
759 1886 893 1923 stellas
925 1893 1046 1936 atque
1078 1882 1209 1920 amnis
1240 1895 1398 1920 arenas.

164 1963 218 1996 20
277 1957 382 2006 Qui,
422 1972 506 1996 non
539 1957 749 1997 confidens
781 1957 903 1995 armis
938 1965 975 1994 et
1009 1958 1161 1994 robore
1194 1954 1347 2004 plebis,

279 2021 509 2068 Concilium
542 2030 669 2079 cogit,
710 2042 815 2079 quae
846 2028 927 2066 sint
958 2026 1145 2065 facienda
1175 2025 1362 2076 requirit.

279 2101 534 2141 Consensere
566 2115 732 2141 omnes:
779 2098 926 2138 foedus
959 2098 1107 2137 debere
1140 2095 1320 2147 precari,

278 2174 329 2212 Et
358 2172 546 2222 dextras,
584 2174 618 2212 si
650 2173 755 2211 sorte
787 2169 955 2220 darent,
1000 2173 1247 2219 conjungere
1279 2166 1454 2215 dextris,

283 2244 592 2298 Obsidibusque
625 2243 728 2282 datis
759 2256 925 2281 censum
954 2242 1192 2293 persolvere
1221 2243 1402 2289 jussum3

167 2321 220 2357 25
279 2317 369 2355 Hoc
399 2316 544 2354 melius
576 2316 689 2362 sore,
733 2326 858 2366 quam
891 2312 1015 2352 vitam
1047 2312 1167 2349 simul
1199 2325 1244 2349 ae
1274 2309 1484 2359 regionem

278 2385 561 2436 Perdiderint,
602 2393 804 2438 natosque
837 2397 932 2423 suos
964 2383 1201 2434 pariterque
1234 2380 1412 2418 maritas.

240 2531 261 2560 9
290 2527 394 2560 donat
419 2530 606 2570 sternitque
630 2529 674 2561 G.
727 2530 768 2560 11
796 2527 911 2560 Etcilo
937 2527 971 2567 Ι,
1001 2525 1068 2558 und
1095 2526 1214 2556 immet
1240 2533 1292 2555 so.
1354 2523 1397 2553 15
1424 2519 1466 2552 de
1494 2524 1528 2552 te

169 2598 288 2621 recens
314 2589 354 2620 A.
442 2590 486 2619 16
521 2588 715 2620 uocitarunt
743 2590 782 2620 Α.
872 2589 915 2618 18
944 2586 1095 2626 hystrum
1124 2585 1163 2616 Β,
1202 2588 1332 2624 ystrum
1360 2582 1399 2615 C.
1483 2583 1530 2611 20

171 2649 230 2681 uel
257 2648 296 2681 B.
370 2650 415 2679 23
443 2647 490 2679 Et
514 2647 543 2679 si
569 2647 655 2679 forte
680 2647 800 2679 darent
831 2646 968 2678 dextras
995 2645 1021 2676 Ι.
