1721 2938
232 114 316 156 282
742 114 1074 158 ECBASIS.

373 266 662 319 Hortaturque
695 267 841 319 lupum
875 267 1072 307 concedat
1101 267 1214 306 abire
1243 270 1476 316 juvencum.

841 340 978 392 lupus.

369 405 476 446 ‘Non
497 408 708 449 hominem
734 424 896 462 vereor,
924 427 999 453 nec
1016 411 1154 464 vulpis
1180 424 1244 449 me
1260 411 1391 463 quatit
1413 410 1587 453 horror?

844 485 972 524 luter.

234 553 340 591 1125
373 550 616 593 ‘Consilium
651 556 819 606 refugis,
843 557 1070 597 cervicibus
1099 555 1286 594 imminet
1317 556 1436 606 ensis,

368 622 528 663 Judicio
555 627 700 665 mortis
734 626 785 665 ad
818 641 1016 678 praesens
1047 635 1091 665 tu
1124 627 1309 677 capieris.

369 691 535 747 Quique
568 697 630 735 tui
662 699 768 749 capti
798 700 928 740 vincli
957 700 1186 738 morientur
1219 706 1257 736 et
1291 698 1366 737 illi.

371 766 584 808 Auxilium
629 772 792 822 quaeris
825 771 1109 824 quaerendum
1140 779 1326 822 tempore
1354 771 1477 822 pacis,

375 839 525 879 Dicere
558 850 596 879 et
640 842 805 892 audire,
853 853 889 883 et
920 844 1082 883 meliori
1115 843 1281 882 credere
1311 857 1394 883 non
1428 845 1499 894 vis,

226 911 341 947 ‚1130
373 910 469 949 Non
510 915 647 963 magni
678 915 824 966 pendis
856 917 1044 955 habitum
1070 917 1312 967 vultumque
1337 917 1531 967 potentis,

367 983 631 1037 Principibus
662 989 867 1039 placuisse
899 989 997 1029 viris
1029 1001 1114 1026 non
1147 988 1289 1027 ultima
1316 989 1407 1027 laus
1439 996 1512 1028 est.

368 1055 510 1096 Gratia
541 1066 753 1099 tantorum
790 1061 938 1099 tultum
968 1059 1111 1100 reddet
1139 1060 1219 1099 sibi
1256 1070 1446 1110 castrum,

367 1127 455 1167 Nec
487 1144 636 1182 magno
673 1141 742 1171 aut
772 1147 903 1185 parvo
935 1132 1006 1172 leti
1037 1131 1131 1183 fuga
1164 1134 1277 1172 nulla
1306 1133 1384 1173 erit
1414 1135 1556 1174 antro)

365 1197 498 1238 Luter
529 1200 756 1253 discipulus
790 1204 903 1243 collis
936 1202 985 1242 de
1018 1204 1192 1243 culmine
1222 1206 1362 1256 lapsus

222 1272 330 1308 1135
360 1270 607 1311 ‚Formidans
642 1275 801 1324 hostes,
845 1288 1115 1328 possessaque
1154 1282 1285 1314 castra
1323 1275 1574 1326 relinquens,

359 1343 549 1383 Horrens
579 1346 749 1385 exitium
778 1345 895 1386 ssuvii
924 1362 966 1386 se
996 1348 1105 1386 misit
1132 1346 1183 1386 ad
1213 1349 1358 1387 imum.

357 1413 494 1453 Ericio
526 1416 619 1456 latis
654 1417 775 1456 solito
813 1417 1026 1458 considere
1057 1419 1167 1458 cellis

360 1485 523 1526 Abdere
557 1503 599 1527 se
633 1489 736 1528 silici
768 1504 889 1529 curae
920 1491 998 1528 fuit
1028 1499 1151 1543 atque
1192 1491 1341 1530 labori.

364 1555 557 1597 Curritur
591 1558 641 1597 ad
674 1567 828 1607 castra,
862 1561 951 1600 sola
981 1561 1157 1599 latrante
1187 1560 1339 1608 licisca,

219 1628 327 1666 1140
357 1630 566 1670 Invadunt
602 1641 781 1671 castrum
810 1634 955 1671 franco
988 1632 1037 1671 de
1069 1632 1194 1671 milite
1229 1639 1398 1671 castum.

354 1702 592 1756 Alloquitur
621 1707 781 1757 vulpis,
825 1704 1037 1744 seducitur
1067 1713 1190 1757 atque
1224 1704 1426 1756 querelis:

817 1778 978 1829 vulpes,

353 1847 442 1885 ‘His
459 1855 516 1886 est
533 1855 603 1886 aut
623 1861 828 1900 nusquam
844 1849 955 1903 quod
971 1849 1224 1902 quaerimus,
1242 1847 1421 1892 hieglatet
1436 1847 1577 1886 hostis.

355 1917 533 1958 Cernitis
564 1933 615 1958 en
647 1920 876 1972 patruum?
910 1921 1011 1975 quid
1041 1922 1124 1972 agis
1152 1919 1383 1959 dulcissime
1407 1917 1576 1958 rerum?

360 1990 566 2030 Incolumi
601 1994 732 2044 capite
764 2009 819 2044 es,
859 1996 932 2048 qui
967 2008 1069 2034 cano
1098 1994 1202 2032 flore
1228 1993 1400 2041 reluces,

222 2060 328 2099 1145
364 2061 591 2102 Formosus
625 2065 753 2115 facie,
785 2079 900 2115 sura,
931 2064 1059 2116 pede,
1089 2062 1232 2111 (lente,
1262 2063 1427 2111 lacerto,

352 2132 588 2185 Candidus,
629 2145 667 2174 et
697 2137 799 2176 talos
833 2151 853 2174 a
888 2135 1039 2177 vertice
1075 2136 1246 2188 pulcher
1268 2127 1330 2173 'ad
1359 2134 1479 2174 imos.

349 2207 413 2245 Tu
442 2216 558 2258 patre
588 2210 805 2259 praeclaro
837 2209 1016 2247 nutritus
1046 2216 1212 2258 pectore
1243 2215 1366 2253 casto,

359 2278 528 2318 Certum
563 2289 634 2329 est,
682 2281 886 2330 ingenuos
917 2281 1069 2318 habeas
1097 2279 1282 2331 ditesque
1311 2286 1515 2329 parentes,

355 2352 401 2389 In
438 2365 581 2402 regum
615 2365 790 2391 numero
821 2365 965 2402 regnas
1009 2350 1209 2389 Cuonone
1242 2348 1459 2397 secundus,

219 2423 325 2459 1150
359 2422 577 2461 Praecellis
610 2430 776 2461 cunctos
809 2422 974 2461 famosis
1006 2422 1192 2473 partibus
1238 2427 1364 2469 ortos,

350 2492 562 2533 Litterulis
595 2494 756 2545 doctus,
792 2493 931 2534 multis
965 2502 1003 2533 et
1033 2492 1263 2532 honoribus
1298 2496 1454 2529 auctus.

309 2661 399 2694 1125
426 2660 552 2703 refugit
578 2663 617 2695 A.
