1721 2938
233 124 319 167 348
509 125 811 168 GALLUS
865 125 958 168 ET
1003 127 1322 172 VULPES.

536 289 772 330 Succurrite
805 293 1063 344 quantocius,

536 364 632 402 Ales
664 364 770 415 perit
802 367 986 416 egregius
1003 364 1025 405 Ρ

413 440 482 474 22.
539 435 625 474 Jam
657 437 776 486 longe
806 438 950 488 vulpes
982 439 1137 488 aberat,

538 506 815 560 Sequentibus
847 521 962 560 spem
1001 511 1161 560 tulerat,

540 579 644 618 Cum
679 580 807 631 gallus
838 595 937 631 prae
981 582 1144 622 tristitia

536 652 618 690 Init
648 666 757 693 nova
793 653 965 692 consilia

414 730 481 766 23.
542 725 730 778 Cumque
760 725 939 776 vulgaris
973 739 1129 765 cuneus

536 798 712 837 Instaret
740 798 978 847 ululatibus,

539 872 774 911 Conversus
796 870 846 910 ad
878 872 1138 922 vulpeculam

536 944 654 982 Hanc
683 943 822 982 intulit
853 944 1124 982 sententiam:

415 1014 484 1053 24.
543 1013 743 1052 ‘Fortuna
773 1027 838 1051 me
875 1011 1072 1061 destituit,

540 1083 718 1135 Insuper
756 1083 831 1122 tibi
881 1082 1072 1133 tradidit;

544 1152 589 1192 Si
632 1166 744 1192 mors
793 1167 877 1193 non
923 1162 1057 1206 potest
1106 1152 1254 1199 dirimi,

537 1223 598 1268 Sit
647 1232 754 1264 certe
788 1225 854 1264 vel
897 1224 1132 1264 laudabilis.

415 1300 484 1338 25.
539 1298 600 1336 Te
630 1296 774 1336 rustici
825 1311 936 1336 nunc
975 1298 1194 1349 impetunt,

534 1369 721 1422 Rapinae
755 1383 869 1410 ream
899 1378 1090 1420 arguunt,

535 1442 588 1482 Et
617 1443 828 1491 nesciunt,
872 1440 971 1495 quid
1004 1441 1145 1481 inclita

537 1515 629 1553 Tua
656 1515 751 1553 fecit
780 1512 1017 1565 prudentia.

414 1592 483 1628 26.
540 1587 684 1626 Meum
713 1586 979 1637 sepulchrum
1013 1592 1201 1623 asserunt

535 1658 740 1710 Raptricis
778 1658 867 1696 fore
904 1657 1174 1713 stomachum,

535 1729 818 1771 Promeruisse
847 1712 1052 1782 nequiter,

537 1803 595 1843 Ut
626 1804 701 1841 hac
727 1804 877 1841 lacuna
905 1800 1120 1840 conderer.

415 1881 484 1918 27.
540 1875 607 1916 Fit
638 1887 784 1922 causa,
814 1887 896 1926 qua
927 1873 1201 1925 calumpnior‚

541 1947 637 1999 Ipsa
665 1953 797 1986 morte
832 1945 1058 1993 molestior,

536 2018 635 2058 Pari
668 2016 766 2057 dum
801 2017 1028 2068 ignominia

538 2090 600 2131 Te
628 2088 755 2129 laedit
797 2089 898 2128 haec
942 2088 1127 2128 infamia.

416 2168 481 2203 28.
538 2163 609 2201 Me
637 2176 771 2214 pone,
801 2174 979 2214 quaeso,
1008 2162 1237 2213 paululum,

530 2234 583 2273 Et
623 2235 679 2274 sic
710 2235 838 2273 affare
869 2234 1087 2286 populum,

538 2306 590 2345 Et
622 2319 790 2358 quoque
826 2304 935 2344 dicas
973 2305 1122 2343 tertio:

540 2377 732 2427 “Meum,
771 2390 856 2417 non
884 2383 1065 2415 vestrum
1097 2373 1279 2415 auser0.’'

415 2452 483 2489 29.
542 2448 618 2487 His
646 2447 784 2488 verbis
815 2446 1112 2498 expurgabitur

542 2516 749 2571 Quicquid
779 2517 898 2556 nobis
940 2515 1144 2564 objicitur.

543 2585 633 2625 Hoc
665 2584 810 2627 mortis
840 2583 1141 2636 aliquantulum

542 2652 750 2707 Repperio
779 2651 997 2692 solatium.’
