1721 2938
552 151 1049 195 WAL'PHARIUS.
1419 155 1473 196 45

289 307 340 344 Et
372 305 488 344 citius
516 317 690 361 pergens
717 305 810 344 luco
844 302 1013 344 succede
1042 306 1291 358 propinquo.

290 379 364 417 Ast
396 390 468 428 ego
499 377 540 415 in
574 390 742 415 ascensu
776 376 924 415 moniis
952 377 1171 416 subsistere
1201 379 1308 417 malo

288 451 491 490 Eventum
523 449 764 500 opperien8‚
805 447 1154 501 adventantesque
1185 451 1399 490 salulans.’

124 526 229 561 1225
292 520 548 572 Obsequium·
577 519 692 558 dictis
724 519 965 569 virguncula
995 522 1100 559 clara
1129 523 1322 570 jubentis.

285 593 357 630 llle
391 592 497 629 celer
526 599 683 628 sculum
714 591 872 639 collegit
899 598 935 627 et
968 591 1123 628 excutit
1152 594 1329 642 hastam,

280 662 413 713 Ignoti
442 675 576 701 mores
609 660 756 713 equilis
789 660 1025 711 {emplando
1057 663 1132 700 sub
1166 666 1301 704 armis.

286 735 407 774 Hunc
436 748 510 773 rex
542 734 777 782 incursans,
818 733 1035 772 comilanle
1068 734 1257 782 satellite,
1300 733 1464 775 demens

284 806 455 845 Eminus
491 806 617 844 asiam
646 806 864 857 compellat
891 805 1010 845 valde
1042 807 1222 856 superbo

119 882 225 917 1230
284 879 447 918 ‘Hostis
473 887 615 927 atrox,
645 879 737 917 nisu
771 877 995 917 deluderis!
1056 892 1146 917 eece
1175 880 1354 917 latebrae

280 951 474 991 Protinus
508 951 728 1000 absistunt,
772 965 823 989 ex
854 951 992 1003 queis,
1036 950 1084 989 de
1115 964 1228 989 more
1261 952 1415 991 lic-isene

282 1023 488 1062 Dentibus
524 1022 765 1062 infrendens
795 1022 971 1072 rabidis,
1016 1024 1164 1061 lairere
1193 1025 1366 1064 solebas.

281 1096 342 1134 En
375 1095 417 1133 in
448 1097 694 1147 propatulo,
726 1095 759 1133 si
789 1097 872 1142 vis,
912 1096 1117 1146 conlligilo
1153 1111 1319 1148 campo,

281 1166 533 1218 Experiens‚
574 1166 666 1206 finis
698 1168 731 1205 si
759 1168 843 1206 sors
877 1175 998 1219 queat
1031 1169 1291 1220 aequiparari

118 1244 223 1279 1235
283 1239 506 1291 Principio.
564 1240 668 1287 scio,
714 1240 920 1278 fortunam
956 1239 1143 1280 mercede
1175 1244 1348 1290 vocasti,

281 1310 522 1364 Idcircoque
557 1313 689 1362 sugam
724 1311 899 1362 lempuis
930 1326 1000 1350 seu
1037 1311 1312 1350 deditionem.7

225 1370 492 1437 Alplmrides
523 1395 664 1425 contra
696 1387 779 1436 regi
810 1399 892 1424 nou
925 1385 1106 1424 reddidit
1142 1388 1244 1435 ulla,

285 1460 386 1509 Sed,
433 1461 541 1498 velut
574 1461 668 1498 hinc
699 1459 869 1509 surdus,
912 1461 990 1499 alio
1022 1460 1275 1500 convenitur
1305 1465 1437 1510 aJens:

280 1530 364 1568 ‘Ad
397 1539 432 1569 [e
463 1544 597 1570 sermo
631 1532 753 1578 mihi,
793 1532 986 1581 llagauo,
1026 1532 1198 1571 subsisle
1228 1547 1466 1585 parumper.

115 1605 222 1642 1240
258 1602 413 1651 *Quitb
452 1617 576 1653 rogo,
615 1611 696 1642 lam
731 1603 855 1641 sulum
888 1604 1024 1642 subito
1057 1605 1228 1643 mutavit
1258 1606 1429 1644 amicum
1446 1604 1465 1643 ’Β

278 1675 334 1715 Ut
358 1674 608 1715 discessurus
643 1690 774 1728 nuper
807 1677 874 1715 vix
907 1690 1026 1729 posse
1061 1678 1204 1718 revelli

280 1748 361 1796 Qui
392 1749 542 1788 nostris
574 1750 682 1788 visus
714 1751 846 1788 suerat
880 1750 1163 1800 complexibus
1190 1749 1311 1798 ultro,

276 1819 411 1860 Nullis
440 1835 586 1872 nempe
614 1822 729 1861 malis
757 1822 890 1859 laesus
922 1834 998 1860 nos
1029 1828 1193 1872 appelat
1223 1821 1357 1859 armis.

278 1889 529 1941 Sperabam,
571 1894 720 1942 fateor,
762 1891 810 1931 de
843 1901 901 1940 te,
943 1891 1014 1931 sed
1045 1891 1220 1944 denique
1257 1893 1389 1930 fallor.

116 1962 220 1999 1245
282 1960 404 2009 Quod
437 1964 470 2001 si
500 1963 549 2001 de
584 1965 707 2002 exilio
743 1963 983 2002 redeuutem
1019 1977 1138 2002 nosse
1166 1963 1346 2010 valeres,

277 2034 368 2085 lpse
398 2035 616 2074 salutatum
649 2037 834 2074 mihimet
865 2049 961 2075 mox
989 2034 1134 2074 obvius
1167 2035 1266 2081 ires,

278 2105 329 2144 Et
360 2107 453 2145 licei
483 2108 656 2147 invitum
688 2107 856 2159 hospitii
884 2107 1068 2159 requiete
1103 2107 1289 2152 foveres,

276 2179 530 2233 Pacificeque
560 2181 601 2219 in
632 2194 756 2231 regua
788 2180 915 2234 patris
948 2174 1149 2218 deducere
1181 2179 1323 2216 velles.

207 2327 296 2357 1222
326 2324 450 2358 secede
476 2326 515 2358 C.
600 2329 689 2359 1223
725 2336 864 2359 accessu
898 2326 928 2360 l.
1011 2327 1101 2356 1225
1131 2323 1214 2356 fehlt
1247 2324 1284 2354 Α.
1368 2323 1460 2352 1228

109 2383 206 2416 'func
233 2385 273 2418 D.
348 2388 440 2418 1230
469 2386 631 2420 deludens
659 2387 697 2421 C.
776 2389 862 2419 1231
892 2386 1048 2428 Vndique
1074 2385 1233 2418 defensus
1258 2382 1388 2423 fragilis
1414 2381 1458 2413 de

108 2453 203 2475 more
238 2444 370 2477 liciscae
403 2446 430 2480 Ι.
517 2450 604 2480 1231
642 2451 676 2480 et
709 2448 766 2489 qui
800 2447 842 2480 de
875 2458 968 2480 more
997 2448 1038 2480 D.
1127 2447 1216 2476 1232
1243 2443 1405 2476 Sentibus
1432 2441 1459 2476 Ι.

109 2503 241 2536 solebat
274 2504 301 2536 l.
376 2508 468 2538 1232
500 2508 608 2540 rabidi
633 2509 674 2541 D.
751 2511 840 2541 1233
879 2517 1010 2540 mecum
1048 2505 1222 2545 confligite
1252 2503 1292 2534 D.
1368 2503 1458 2533 1233

109 2563 164 2595 Ex
184 2563 215 2595 iu
234 2563 260 2597 Ι.
313 2565 403 2597 1234
422 2567 612 2609 equiperari
628 2569 665 2601 Α.
679 2570 721 2602 Ι).
773 2571 863 2600 1236
881 2566 1103 2599 diminutione
1123 2564 1163 2595 Β.
1206 2565 1297 2594 1238
1315 2562 1398 2593 alias
1417 2561 1458 2593 D.

111 2626 198 2657 1241
228 2626 354 2657 reuerti
377 2626 418 2659 Α.
446 2631 481 2659 et
506 2627 715 2661 discessurus
733 2630 775 2662 D.
829 2630 918 2659 1242
945 2626 1036 2658 nisus
1052 2625 1090 2658 C.
1117 2633 1197 2655 usus
1218 2622 1259 2656 D.
1275 2621 1316 2655 E.
1369 2623 1458 2654 1243

108 2685 242 2727 appetit
268 2685 307 2717 C.
371 2688 459 2718 1247
491 2689 607 2730 requie
636 2689 806 2722 resolveres
830 2688 871 2719 D.
942 2688 1030 2718 1248
1057 2684 1301 2728 pacificumque
1323 2683 1363 2714 D.
