1721 2938
622 121 966 166 ECBASIS.
1385 122 1470 165 253

261 276 392 315 Annis
433 278 513 326 jam
547 285 702 329 septem
735 275 902 316 deducis
934 275 1057 316 vitam
1087 280 1301 326 agrestem,

262 344 396 387 Omne
428 361 554 400 genus
583 348 715 388 carnis
748 347 932 387 vitabant
961 345 1106 385 intima
1136 345 1305 396 ventris,

122 423 205 457 300
264 419 431 459 Cunctis
463 419 615 458 deliciis
647 431 908 471 praeponens
940 430 1115 456 munera
1144 418 1279 469 piscis,

263 491 393 543 Saepe
428 499 522 530 tuae
555 505 717 529 mensae
747 494 920 541 jungens
954 489 1159 530 consortia
1191 497 1358 529 truttae.

256 563 1476 613 Nunccomedesvitulumsanctumspernensmonachatum.

264 636 360 675 Non
394 644 557 688 praeter
587 635 752 674 solitum
786 648 910 685 cogor
939 633 1162 675 dissolvere
1193 635 1361 684 luctum,

264 706 344 746 Tot
375 709 478 746 mala
512 705 751 754 succedent,
785 720 888 759 quae
924 715 961 746 te
990 720 1064 759 per
1086 706 1216 746 tristia
1244 715 1420 747 vertent.

124 782 203 818 305
262 779 443 818 Nomine
479 786 520 817 tu
555 779 803 827 monachus,
834 777 903 818 secl
938 778 1084 818 dextro
1115 779 1241 818 limite
1270 786 1417 827 tortus,

264 851 448 891 Crimina
478 859 726 903 pertractas,
758 859 944 890 sanctum
976 853 1214 891 subvertere
1246 860 1392 891 certas.

266 924 474 963 Adversus
508 924 644 962 mitem
679 923 838 975 piceum
868 931 1073 976 postpone
1111 924 1296 963 furorem

262 996 435 1047 Evigilet·
467 996 715 1043 monachus,
755 995 975 1047 pergrandi
1009 995 1207 1048 compede
1247 998 1420 1048 vinctus,

269 1069 425 1120 Regula
459 1083 646 1121 quaeque
678 1067 793 1106 docet
825 1069 983 1117 verbis,
1013 1069 1134 1107 simul
1158 1070 1314 1110 actibus
1345 1078 1479 1120 ornet,

125 1144 206 1180 310
265 1141 335 1181 Nil
349 1143 437 1182 fore
451 1141 559 1195 quod
574 1140 802 1193 proprium,
819 1154 1036 1179 commune
1051 1141 1119 1180 sed
1134 1142 1325 1182 omnibus
1340 1158 1479 1192 unum,

267 1213 387 1262 Quod
419 1215 496 1253 sibi
529 1228 611 1252 non
644 1212 734 1251 fieri
767 1214 881 1251 fratri
914 1227 995 1252 non
1032 1214 1183 1265 irroget
1213 1215 1298 1254 ulli.

262 1284 328 1324 Sic
364 1286 458 1338 quia
491 1300 574 1324 non
606 1285 722 1333 vivis,
768 1284 988 1335 praedonis
1022 1287 1108 1336 lege
1140 1286 1307 1337 peribis,

269 1357 428 1397 Judicio
461 1371 664 1396 canonum
696 1356 884 1396 morieris
915 1371 1027 1397 more
1060 1358 1293 1398 latronum?

266 1429 378 1468 Haec
410 1431 515 1467 luter
547 1437 689 1468 cautus
722 1427 894 1468 dicenda
925 1429 1095 1469 tacenda
1126 1432 1302 1471 locutus,

739 1501 875 1551 lupus.

129 1578 212 1614 315
273 1574 398 1613 ‘Haec
430 1574 489 1613 illi
521 1588 672 1622 narres,
706 1575 777 1628 qui
808 1574 953 1614 surdas
985 1574 1168 1628 possidet
1198 1589 1331 1628 aures,

268 1646 374 1685 Nam
405 1646 557 1686 caudae
589 1648 707 1687 vituli
737 1652 928 1698 jungetur
958 1649 1124 1688 lumbus
1163 1649 1301 1700 aselli;

273 1718 339 1759 Sic
370 1728 518 1759 natura
550 1734 697 1772 parens
739 1721 858 1769 jussit
888 1720 1118 1761 discurrere
1149 1721 1283 1760 soles.’

746 1792 865 1831 luter.

272 1864 349 1902 ‘De
380 1863 519 1914 lingua
551 1863 742 1903 monachi
781 1863 925 1903 volitet
955 1860 1145 1903 discretio
1178 1862 1320 1903 ve1·bi.’

739 1936 875 1988 lupus.

271 2008 329 2048 ‘Si
364 2007 437 2047 tibi
479 2020 569 2046 sum
602 2020 750 2053 curae,
791 2008 930 2046 frenos
962 2005 1165 2058 imponito
1197 2004 1385 2056 linguae.’

132 2083 213 2121 320
273 2080 513 2120 Frustratur
545 2078 716 2117 multum
752 2079 880 2131 piceat
913 2079 983 2131 qui
1017 2090 1087 2117 vas
1120 2075 1381 2130 adaquatum,

275 2150 491 2191 Sincerum
524 2150 600 2189 nisi
632 2164 714 2199 vaS‚
746 2150 1025 2204 quodcunque
1056 2148 1241 2189 infundis
1271 2148 1428 2188 acescit.

219 2210 408 2267 Postera
439 2227 513 2265 lux
559 2225 717 2274 oritur,
765 2226 894 2265 multo
925 2224 1152 2275 gratissima
1185 2224 1329 2272 fertur,

277 2303 380 2342 Cum
414 2302 555 2341 faciem
588 2301 717 2340 noctis
748 2302 1002 2354 pepulissent
1033 2300 1190 2340 lumina
1218 2301 1328 2349 solis,

273 2373 471 2426 Corniger
501 2373 675 2413 armenti
705 2375 928 2426 perlustrat
960 2373 1086 2414 ovilia
1115 2372 1207 2421 vici,

137 2449 217 2485 325
279 2444 447 2495 Singula
477 2447 549 2498 qui
578 2453 767 2494 revocat,
815 2445 1045 2497 praesentia
1077 2456 1267 2497 quaeque
1296 2441 1458 2491 regirat,

281 2517 343 2556 De
372 2515 450 2556 sibi
481 2517 705 2557 commissis
734 2525 932 2569 aspectat,
982 2531 1034 2555 ne
1067 2522 1209 2568 pereat
1243 2514 1348 2566 quis.

232 2650 297 2681 321
328 2647 450 2681 acessit
476 2647 514 2680 A.
