1721 2938
247 144 302 186 46
669 110 1167 183 WAL'PHAizIUS.

418 295 707 344 Sollicitusque
743 290 804 329 fui
834 304 1029 342 quorsum
1062 298 1132 329 tua
1162 304 1333 329 munera
1366 294 1537 342 serrem,

252 371 359 405 1250
415 366 605 416 Namque
636 378 709 415 per
741 363 899 413 ignotas
932 361 1018 401 dixi
1047 377 1222 414 pergens
1250 363 1462 413 regiones:

414 435 697 475 “Francorum
717 448 877 482 vereor,
908 434 1135 484 Haganone
1156 435 1384 485 superstite,
1404 436 1600 474 nullum.⁷'

419 505 603 547 Obsecro
635 521 711 559 per
740 505 882 556 ludos,
919 507 1145 557 resipiscite
1176 510 1283 555 jam,
1329 508 1528 558 pueriles,

414 578 641 618 Unanimes
674 580 825 631 quibus
857 579 1005 617 assueti
1037 579 1271 630 fuimusque
1303 580 1442 630 periti,

416 652 469 690 Et
498 665 677 705 quorum
713 651 821 689 cultu
854 651 1009 700 primos
1041 651 1267 689 attrivimus
1297 664 1440 689 annos.

254 726 359 764 1255
418 724 561 762 Inclita
596 737 774 776 quonam
808 722 997 771 migravit
1028 721 1249 761 concordia
1279 720 1431 761 nobis?

419 795 640 847 Semperin
655 796 771 833 hoste
784 792 978 845 domique
990 807 1172 841 manens,
1186 808 1258 832 nec
1272 793 1459 832 scandala
1474 807 1658 839 noscens,

420 868 584 919 Quippe
617 867 677 905 tui
708 865 830 903 facies
862 865 989 915 patris
1021 866 1257 905 obliviscier
1287 868 1386 916 egit,

421 942 578 979 Tecum
604 938 765 988 degenti
796 937 897 975 mihi
927 937 1057 988 patria
1088 939 1204 976 viluit
1233 940 1379 990 ampla.

419 1010 623 1063 Nunquid
655 1018 790 1048 niente
819 1009 939 1048 fidem
972 1009 1134 1048 abradis
1154 1010 1385 1061 saepissime
1415 1007 1604 1061 pactam?

257 1089 362 1124 1260
422 1083 638 1134 Deprecor
670 1082 747 1119 hoc
779 1080 941 1118 abscide
971 1082 1107 1128 nefas,
1148 1094 1230 1119 neu
1262 1082 1367 1120 bella
1395 1083 1589 1128 lacessas,

425 1155 567 1207 Sitque
598 1153 886 1192 inconvulsum
918 1153 1037 1191 nobis
1068 1166 1142 1204 per
1171 1161 1359 1205 tempora
1389 1152 1549 1192 foedus.

421 1225 543 1274 Quod
575 1227 608 1264 si
637 1224 863 1273 consmilis,
900 1227 980 1273 jam
1008 1238 1116 1262 nunc
1147 1224 1293 1264 ditatus
1323 1226 1455 1264 abibis

422 1297 627 1348 Eulogiis,
667 1297 792 1335 rutilo
822 1297 1047 1335 umbonem
1078 1297 1293 1347 complebo
1326 1296 1514 1335 metallo.'

424 1371 579 1410 Contra
610 1368 723 1422 quod
752 1369 923 1419 Hagano
952 1369 1069 1408 vultu
1104 1370 1203 1407 haec
1234 1371 1427 1409 affamina
1457 1378 1576 1411 torvo

259 1448 366 1482 1265
425 1441 580 1489 Edidit,
624 1451 745 1494 atque
776 1442 877 1480 iram
909 1440 965 1481 sic
996 1442 1219 1481 insinuavit
1250 1450 1433 1493 apertam

427 1514 547 1552 ‘Vim
577 1514 692 1565 prius
723 1527 906 1562 exerces,
936 1514 1170 1563 walthari,
1201 1523 1375 1566 postque
1406 1515 1607 1565 sopharic.

423 1586 530 1624 Tute
560 1584 680 1622 fidem
701 1582 944 1622 abscideras.
995 1598 1085 1621 cum
1108 1592 1254 1622 memet
1273 1583 1412 1622 adesse
1437 1583 1608 1633 videres,

427 1657 480 1696 Et
512 1664 573 1696 tot
602 1656 997 1704 stravissessocios,
1037 1655 1246 1706 immoque
1276 1654 1552 1707 propinquOS,

425 1727 634 1765 'Excusare
666 1727 836 1779 nequis,
884 1728 983 1779 quin
1013 1740 1077 1765 me
1112 1735 1206 1765 tunc
1239 1726 1367 1765 affore
1398 1740 1553 1766 nosses,

260 1803 367 1837 1270
428 1797 557 1846 Cujus
588 1799 622 1836 si
652 1799 772 1838 facies
802 1799 941 1847 latuit,
980 1807 1116 1838 tamen
1149 1813 1261 1838 arma
1291 1798 1459 1839 videbas

426 1870 535 1909 Nota
568 1872 686 1921 satis,
725 1872 950 1924 habituque
981 1871 1114 1911 virum
1147 1873 1296 1911 rescire
1325 1872 1502 1912 valebas.

430 1939 575 1979 Cetera
604 1942 689 1980 fors
720 1943 907 1992 tulerim,
951 1944 985 1981 si
1014 1945 1081 1982 vel
1115 1942 1232 1982 dolor
1265 1957 1372 1982 unus
1405 1944 1582 1983 abesset:

424 2012 556 2052 Unice
582 2014 690 2053 enim
712 2028 875 2062 carum,
906 2017 1100 2064 rutilum,
1133 2014 1352 2064 blandum,
1383 2017 1610 2067 pretiosum

431 2085 629 2137 Carpsisti
658 2087 804 2126 florem
834 2089 1042 2126 mucronis
1073 2089 1174 2126 falce
1206 2089 1415 2127 tenellum.

263 2161 370 2195 1275
431 2158 544 2196 Haec
574 2171 640 2196 res
671 2167 753 2207 est,
795 2167 957 2209 pactum
989 2173 1069 2210 qua
1100 2160 1269 2197 irritasti
1298 2160 1414 2210 prior
1445 2161 1609 2206 almum,

429 2228 671 2281 Idcircoque
706 2244 847 2279 gazam
878 2231 993 2281 capio
1024 2245 1101 2281 pro
1134 2230 1297 2269 foedere
1328 2231 1497 2269 nullam.

432 2300 545 2339 Sitne
578 2301 652 2340 tibi
684 2303 761 2340 soli
794 2302 944 2349 virtus,
987 2303 1081 2342 volo
1113 2301 1287 2350 discere,
1324 2302 1364 2339 in
1397 2303 1542 2351 armis,

358 2422 450 2452 1254
478 2420 656 2452 attriuerat
684 2420 723 2454 Β,
805 2422 894 2452 1260
918 2418 970 2453 hic
997 2421 1036 2453 C.
1111 2424 1203 2454 1260
1237 2423 1382 2455 lacesses
1409 2422 1448 2454 D.
1523 2424 1615 2455 1262

264 2480 379 2513 ditatis
405 2480 447 2514 D.
522 2482 614 2513 1264
640 2484 757 2513 contra
782 2490 881 2522 quem
908 2481 948 2515 D.
1013 2485 1104 2515 1266
1130 2493 1171 2515 ne
1200 2493 1262 2515 nos
1285 2484 1419 2516 incuses
1444 2482 1522 2516 milii
1548 2484 1613 2516 vim

265 2541 322 2581 qui
359 2545 395 2572 tu
431 2541 524 2583 prior
558 2540 661 2573 infers
698 2541 738 2574 D.
834 2544 918 2574 1271
961 2543 1093 2575 ualeres
1127 2545 1165 2576 A.
1191 2544 1230 2577 C.
1317 2547 1405 2576 1273
1440 2545 1538 2576 unice
1571 2546 1614 2577 mi

265 2609 378 2631 carum
400 2602 439 2632 A.
472 2601 606 2635 unicum
629 2602 717 2635 enim
741 2611 855 2635 carum
876 2603 1014 2635 rutilum
1040 2603 1197 2645 piandum
1222 2604 1410 2647 preciosum
1433 2604 1472 2637 D.
1526 2606 1614 2635 1275

265 2658 433 2691 alumnum
466 2661 504 2693 A.
