1721 2938
419 120 424 139 ζ
463 83 812 127 RUODLIE
830 83 865 127 B
923 84 1072 141 fragm.
1100 85 1258 129 XVIII.
1451 90 1532 133 197

734 274 892 317 XVIII.
931 273 974 328 *)

180 359 220 415 a)
260 366 276 401 1
327 395 334 402 .
395 390 1025 402 ..........
1527 371 1677 407 rohsn).

320 436 458 475 Exuat
486 442 530 473 ut
561 441 717 481 vestes,
747 435 876 474 lassos
907 441 952 473 ut
981 433 1149 485 frigeret
1181 442 1308 475 artus.

319 509 384 548 Tu
415 521 511 560 cape
543 520 607 546 me
639 506 755 558 virgo
791 515 959 546 ventum
989 513 1100 546 stans
1131 505 1377 548 assiduando

314 579 498 618 Maxime
530 591 613 630 quo
645 579 697 618 sit
725 592 829 631 opus
860 576 1023 617 studeas
1052 579 1251 619 miniteris
1282 589 1327 619 ut
1354 581 1470 629 ictus,

316 650 380 690 Ne
410 658 554 690 noceat
583 665 721 691 musca
753 650 982 691 mordendo
1013 651 1124 689 culix
1156 664 1292 704 neque
1324 666 1459 705 vespa.

178 742 221 797 b)
260 750 277 785 1
313 726 420 784 Has
453 744 535 783 vini
566 746 709 796 plenas
742 753 873 784 tecum
905 744 1064 783 deserto
1093 745 1272 796 lagenas.

318 820 496 872 Propter
526 820 734 859 dulcorem
769 822 801 859 si
839 820 954 860 malis
989 821 1094 859 serto
1125 819 1356 860 medonem.

318 892 400 933 Seu
432 892 485 932 sis
515 900 668 932 venatu
701 905 773 931 seu
807 893 859 931 sis
890 892 970 932 alio
1002 893 1210 942 comitatu,

313 964 408 1002 Vim
438 965 568 1003 lenire
599 965 685 1003 sitis
716 965 749 1003 si
775 965 856 1013 vis,
887 963 1090 1016 prandere
1118 964 1287 1013 valebis,

258 1038 281 1074 5
313 1036 396 1075 Ibis
427 1045 466 1075 et
500 1035 549 1075 ad
581 1045 734 1077 curtem
768 1037 802 1077 si
831 1037 938 1078 forte
969 1037 1148 1090 potentis
1184 1037 1356 1077 herilem

213 1095 217 1097 ‚
313 1107 358 1147 Si
388 1108 584 1160 pincerna
614 1109 748 1149 libens
781 1117 880 1149 tunc
911 1118 969 1149 est
1011 1109 1088 1148 tibi
1128 1123 1248 1161 saepe
1280 1107 1523 1161 propinans.

315 1180 494 1230 Quando
524 1181 690 1223 domum
718 1195 899 1231 remeas,
930 1182 1071 1221 forsan
1101 1183 1325 1234 repleverit
1354 1181 1458 1228 illas,

313 1253 536 1307 Cauponae
566 1268 781 1295 nummum
814 1252 985 1307 cupidae
1004 1254 1117 1307 quod
1136 1268 1218 1294 non
1241 1254 1357 1294 dabis
1378 1266 1533 1312 unum3

171 1352 210 1401 c)
245 1355 265 1390 1
304 1331 439 1388 Haec
471 1349 560 1401 pari
590 1357 781 1389 venatum
813 1350 868 1388 lia
901 1347 998 1388 dum
1029 1347 1182 1398 vadas,
1213 1348 1314 1387 velie
1343 1355 1493 1387 tecum.

309 1422 413 1462 Cum
445 1423 551 1462 mitis
581 1423 765 1462 inmitem
792 1437 937 1463 cervus
965 1423 1189 1474 restinguet
1220 1420 1269 1460 ad
1300 1434 1475 1471 amnem,

312 1495 377 1533 Tu
412 1495 522 1533 intus
554 1494 747 1546 extingue
779 1509 998 1536 succensus
1025 1494 1106 1534 litis
1138 1494 1189 1533 ab
1223 1493 1328 1545 igne,

308 1567 398 1607 Hoc
430 1565 540 1620 quod
572 1567 734 1606 veneris
769 1575 811 1606 ut
846 1582 894 1607 eo
926 1568 1044 1607 citius
1074 1566 1312 1607 domineris.

253 1645 279 1680 5
310 1639 361 1679 Et
390 1645 423 1679 si
454 1640 656 1689 vectabis‚
686 1639 786 1693 quid
818 1642 935 1679 obest
964 1653 1227 1694 quocumque
1260 1639 1416 1678 meabis

307 1710 521 1751 Prandens
553 1711 595 1749 in
628 1713 756 1763 pratis
789 1711 899 1765 quod
930 1721 1070 1765 potes,
1110 1720 1167 1752 est
1198 1710 1272 1750 tibi
1301 1711 1437 1762 gratis,

306 1782 417 1832 Quin
450 1784 501 1823 ad
530 1785 785 1837 mercipoli1n
816 1785 957 1825 venies
986 1786 1020 1824 si
1051 1785 1415 1832 nummivoracem‚

302 1856 375 1896 Nil
400 1855 471 1895 das
502 1859 713 1910 eauponae
745 1856 857 1911 quod
890 1850 1027 1897 trudat
1057 1858 1096 1896 in
1132 1858 1211 1896 ima
1241 1869 1471 1898 crumenae.

164 1949 209 2004 (l)
244 1955 262 1990 1
306 1930 405 2004 Qui
434 1959 495 1990 tot
526 1951 679 1991 efflatas
708 1967 849 1993 ocreas
880 1952 1084 1992 desideret
1112 1955 1219 2001 istas,

304 2021 533 2076 Nunquam
574 2024 816 2065 vendendos
846 2026 992 2066 melius
1025 2025 1154 2065 denos
1185 2024 1280 2064 dato
1312 2036 1514 2063 nummos.

163 2113 202 2168 e)
236 2118 254 2153 1
310 2093 362 2150 Ο
395 2116 567 2156 vassalle
597 2118 729 2166 bone,
770 2117 845 2156 tibi
873 2132 997 2170 quam
1029 2119 1136 2157 bene
1166 2130 1349 2168 congruo
1379 2131 1512 2166 crure,

303 2188 412 2228 Hinc
448 2190 657 2242 operatori
690 2189 785 2230 dato
821 2190 934 2243 quod
964 2191 1041 2230 tibi
1071 2193 1136 2232 vel
1167 2193 1297 2244 placet
1325 2192 1399 2232 illi.
1430 2176 1435 2178 -

159 2284 203 2340 f)
237 2290 257 2326 1
303 2266 472 2324 Militis
503 2283 553 2324 ad
583 2286 748 2337 gambas
779 2288 938 2339 operati
967 2301 1042 2328 nos
1074 2301 1215 2328 sumus
1245 2289 1398 2337 ambas,

303 2360 430 2410 Algor
461 2368 505 2399 ut
534 2360 759 2401 immensus
789 2376 873 2402 non
902 2377 944 2402 se
973 2362 1107 2402 laedat
1136 2376 1272 2414 neque
1304 2369 1469 2402 ventus.

260 2508 294 2551 ')
330 2509 414 2542 alles
446 2507 520 2542 hier
551 2511 596 2544 im
633 2511 763 2546 XVllI.
791 2512 961 2555 fragment
983 2512 1175 2555 gedruckte
1201 2512 1243 2545 ist
1268 2520 1333 2544 von
1360 2510 1512 2554 gleiclter

165 2565 276 2608 hand,
307 2566 370 2600 wie
395 2566 456 2600 das
480 2567 783 2612 vorhergehende,
817 2569 1064 2613 gesclnrieben3
1103 2571 1163 2605 der
1188 2570 1292 2605 inhalt
1316 2568 1398 2604 lass-t
1428 2571 1511 2606 aber

163 2623 391 2667 zweifelhaft,
418 2625 462 2659 ob
490 2636 525 2660 es
551 2628 636 2662 noch
665 2638 708 2661 zu
734 2628 906 2662 Rumllieb
932 2627 1071 2671 gehfire.
