1721 2938
259 98 343 141 170
577 102 619 143 R
635 102 669 145 o
687 104 726 145 o
745 74 836 145 m„
853 105 869 145 1
888 105 923 146 E
941 106 976 147 Β
1034 109 1185 163 fragm.
1212 112 1282 154 vl.
1311 103 1320 112 ‘

259 256 310 292 55
373 246 551 293 Tantum
596 269 665 295 vas
710 265 931 308 rumpant,
982 259 1023 297 in
1054 274 1204 313 aquam
1234 264 1298 302 vel
1326 267 1495 309 reiciant
1523 285 1598 319 me,

370 328 555 366 Piscibus
587 336 632 367 ut
673 328 790 368 citius
828 343 948 370 vorer
978 340 1049 371 aut
1075 332 1174 373 (liris
1205 335 1448 380 cocodriltis.

363 400 500 448 Vultis
530 400 572 439 in
599 402 770 452 ignitum
802 403 1000 444 famosam
1031 406 1198 446 trudere
1230 409 1410 461 furnum,

364 472 576 523 Ingrediar
605 484 773 526 sponte,
818 491 902 530 quo
935 492 1019 517 non
1068 494 1224 520 cremer
1253 483 1345 533 igne
1375 487 1596 536 gehennae.

361 545 417 584 Ut
449 560 607 585 caream
642 549 744 598 vita,
777 548 811 588 si
843 550 984 600 vultis,
1015 567 1147 592 mersa
1177 556 1327 604 cloaca,
1517 590 1554 605 -,

251 621 302 653 60
363 616 464 656 Sum
495 619 614 657 nimis
644 620 878 670 immunda,
919 623 989 660 tali
1019 622 1253 675 dignissima
1281 641 1431 678 poena.

363 690 551 731 lucidero
580 702 770 745 prompte
803 695 900 747 quia
930 697 1002 735 tali
1035 697 1193 747 gaudeo
1226 697 1319 747 fine,

358 761 580 803 Tartareus
616 766 747 804 foetor
778 765 878 804 mihi
913 776 1005 818 post
1034 782 1085 806 ne
1116 778 1396 820 perpetuetur.

362 834 567 890 Quicquid
596 839 787 889 supplicii
818 838 1022 891 [reperitis
1053 840 1187 880 adhuc
1217 843 1447 896 g1*aviorisJ,

359 908 491 947 Omne
526 911 657 947 lihons
697 911 847 960 patiar,
885 914 1011 950 multo
1044 918 1198 962 maj0ra
1233 918 1446 956 merebar!

97 981 299 1020 1'01‘24³·65
361 982 475 1030 Quae
508 982 602 1020 dum
639 985 857 1032 conticuit,
888 994 1022 1024 rector
1061 987 1257 1026 miserans
1290 991 1345 1028 ita
1382 990 1510 1030 dixit:

356 1054 525 1093 ‘judicat
557 1056 656 1095 haec
687 1065 831 1105 semet,
863 1071 936 1096 vos
969 1058 1105 1109 (licite,
1150 1061 1184 1099 si
1215 1071 1274 1102 sat
1302 1063 1343 1101 in
1385 1064 1460 1103 hoc
1493 1064 1592 1103 sit'?'

354 1126 508 1167 Omnes
537 1130 770 1181 plorantes,
812 1131 981 1169 nimium
1010 1133 1087 1171 sibi
1123 1134 1417 1185 compatientes

354 1200 528 1240 Dicunt:
559 1202 654 1239 ‘non
688 1215 791 1254 opus
811 1211 881 1252 est,
905 1213 1043 1243 rector
1062 1206 1210 1255 rogitet
1231 1220 1355 1258 super
1377 1210 1454 1247 hoc
1475 1210 1592 1261 plns.⁷

354 1271 507 1310 Dicunt
537 1271 751 1312 causidici:
803 1275 941 1313 ‘vitam
974 1275 1232 1316 decernimus
1264 1278 1322 1316 illi

213 1346 290 1382 '70
356 1345 515 1383 Donari
548 1353 726 1393 tantum,
757 1346 791 1384 si
821 1334 1031 1398 poeniteat
1053 1350 1157 1387 male
1190 1350 1367 1389 factum?

349 1417 445 1467 Ejus
476 1417 657 1468 privigni
681 1420 951 1457 mansuefacti
981 1422 1091 1459 velut
1115 1422 1209 1472 agni

347 1491 589 1528 Volvuntur
618 1489 791 1541 pedibus
830 1492 1003 1531 rectoris
1036 1492 1172 1532 dando
1204 1503 1405 1545 precatus,

347 1561 404 1600 Ut
434 1560 582 1610 vitani,
623 1563 784 1601 veniam
817 1563 895 1602 sibi
926 1564 1204 1618 concedatque
1235 1568 1419 1615 sulutem,

347 1634 446 1673 Esse
478 1634 624 1674 domus
654 1635 884 1685 dominam,
914 1638 1024 1677 velut
1055 1646 1148 1677 ante
1179 1639 1279 1688 fuit,
1308 1641 1414 1678 sinat
1442 1640 1569 1679 illam.

237 1713 285 1746 75
347 1706 468 1756 Quod
503 1708 600 1747 (lum
634 1709 820 1760 promisit
849 1710 1089 1757 clementer,
1130 1711 1170 1750 id
1201 1712 1268 1751 illa
1297 1721 1481 1752 recusat:

348 1781 391 1818 ‘A
423 1779 546 1819 modo
577 1794 663 1820 non
694 1780 926 1830 dominam,
955 1782 1026 1821 sed
1061 1797 1124 1822 me
1157 1783 1294 1824 dicant
1322 1784 1582 1834 homicidam,

343 1853 495 1892 Vivere
527 1854 561 1892 si
591 1854 715 1893 vultis
748 1868 834 1901 me,
865 1854 971 1893 istud
1008 1863 1168 1903 tamen,
1199 1870 1301 1905 oro,
1329 1858 1468 1896 salutis

341 1925 400 1964 Ut
426 1926 528 1964 mihi
556 1927 736 1975 tollatis,
769 1941 851 1979 quo
883 1942 946 1967 me
979 1942 1063 1968 non
1101 1928 1332 1970 debilitatis.

344 1999 476 2037 Nares
507 2008 720 2049 truncate,
757 1999 959 2052 quidquid
999 2002 1049 2041 sit
1081 2011 1119 2041 et
1150 2003 1232 2041 oris
1264 2004 1484 2055 utrimque,

231 2078 283 2109 80
343 2071 400 2110 Ut
424 2080 531 2111 stent
561 2073 782 2112 horribiles
813 2074 926 2112 omni
957 2075 1043 2112 sine
1077 2076 1251 2126 tegmine
1276 2075 1431 2132 flentes,

342 2144 400 2183 Ut
432 2145 591 2182 nullum
622 2145 769 2192 libeat,
802 2146 973 2196 posthac
1003 2146 1104 2185 mihi
1136 2149 1246 2186 basia
1278 2161 1362 2200 quo
1394 2147 1474 2194 det,

341 2216 388 2254 ln
420 2217 549 2255 crucis
582 2223 705 2268 atque
735 2207 1002 2256 modunrme
1033 2221 1283 2258 comburatis
1334 2221 1377 2257 in
1409 2219 1533 2256 altum

341 2289 420 2327 Per
445 2289 623 2339 geminas
655 2290 802 2328 buccas
834 2303 928 2328 rosa
967 2304 1041 2329 ceu
1073 2300 1191 2330 tenus
1224 2293 1296 2329 hac
1326 2291 1553 2338 rutilantes,

338 2361 513 2400 Noverit
539 2369 580 2400 ut
605 2362 823 2414 qnisquam
850 2370 1023 2413 propter
1044 2365 1174 2402 scelus
1194 2365 1271 2404 hoc
1294 2364 1394 2402 mihi
1417 2363 1580 2413 factum,

230 2438 282 2472 85
341 2434 393 2471 Et
423 2432 557 2473 dicat:
600 2435 675 2472 tibi
707 2448 803 2482 vae,
836 2435 1019 2475 meruisti
1051 2438 1127 2475 tale
1155 2438 1255 2489 quid
1287 2437 1327 2474 in
1360 2434 1429 2476 te?

323 2609 367 2638 57
403 2606 456 2639 dic
481 2605 689 2639 handschrift
714 2606 889 2640 fumosam.

326 2668 368 2697 77
406 2665 459 2698 die
487 2664 691 2699 ltandschrift
717 2665 796 2699 hat:
834 2665 893 2699 sed
921 2670 1043 2699 tamen.
