1721 2938
251 133 337 176 342
519 125 923 173 SACERDOS
965 124 1058 167 ET
1102 124 1358 168 LUPUS.

1150 206 1605 214 ——-—-—-——-—-

441 286 505 323 14.
563 280 696 321 ‘Hoc’
723 279 860 332 inquit
892 277 1132 320 ‘infortunii

566 352 680 391 Dant
710 351 812 390 mihi
841 358 938 391 vota
965 350 1126 402 populi,

559 422 751 473 Quorum
781 422 945 474 neglexi
975 422 1145 472 animas,

561 495 765 544 Quorunr
782 493 941 534 comedi
974 494 1187 534 victimas?

445 573 509 608 15.
566 568 649 608 Pro
681 567 969 607 defunctorum
1003 568 1148 607 merito

563 639 709 679 Cantat
740 639 934 690 ‘placebo
969 637 1138 678 domino
1153 638 1176 688 ,³

560 712 611 751 Et
642 725 719 763 pro
751 709 856 751 votis
884 708 1116 749 viventium

565 783 718 821 Totum
752 788 887 821 cantat
918 780 1175 832 psalterium.

443 859 506 894 16.
563 855 661 893 Post
700 854 947 904 completum
980 852 1220 903 psalterium

563 925 793 965 Commune
829 931 982 976 perstat
1009 922 1271 963 commodum

563 995 796 1036 Sacerdotis
835 994 1032 1035 timiditas

558 1068 696 1120 Atque
726 1064 814 1118 lupi
843 1065 1055 1106 calliditas.

441 1143 506 1179 17.
566 1138 675 1179 Nam
713 1152 806 1177 cum
838 1138 1000 1178 acclivis
1031 1137 1239 1190 presbiter

559 1211 778 1253 Perfiniret
808 1212 940 1262 ‘pater
966 1217 1109 1249 noster
1119 1209 1145 1259 ‚³

560 1285 696 1337 Atque
727 1282 927 1322 clamabat
964 1279 1135 1320 domino

562 1354 656 1396 ‘Sed
687 1354 818 1394 libera
848 1366 925 1393 nos
959 1367 983 1391 a
1011 1350 1167 1398 malol’

439 1433 505 1468 18.
564 1428 642 1468 Hic
672 1426 839 1467 dorsum
871 1429 958 1475 ejus
992 1424 1122 1464 insilit

559 1502 612 1540 Et
638 1501 743 1540 saltu
773 1499 878 1537 liber
909 1496 1064 1547 effugit,

559 1573 609 1611 Et
643 1574 757 1621 cujus
789 1578 874 1609 arte
904 1576 1046 1620 captus
1077 1576 1150 1615 est,

560 1643 636 1682 lllo
669 1655 747 1694 pro
777 1642 884 1681 scala
914 1652 1013 1678 usus
1046 1647 1118 1678 est.

441 1720 505 1756 19.
563 1716 616 1754 At
643 1715 711 1752 ille
741 1715 871 1752 laetus
901 1711 1075 1750 nimium

567 1787 714 1827 Cautat
744 1783 933 1824 ‘laudate
964 1781 1177 1822 dominum
1191 1781 1216 1830 ‚’

565 1859 616 1897 Et
646 1856 837 1910 promisit
866 1869 944 1909 pro
975 1855 1133 1907 populo

559 1928 610 1968 Se
643 1937 858 1969 oraturum
887 1943 911 1967 a
939 1925 1079 1967 modo.

438 2006 508 2041 20.
566 2002 674 2041 Hinc
705 2016 728 2040 a
756 1999 902 2042 vicinis
933 1998 1149 2053 quaeritur

559 2074 611 2114 Et
646 2075 838 2114 inventus
869 2071 1124 2118 extrahitur,

560 2148 639 2187 Sed
673 2162 758 2188 non
789 2160 1004 2200 nunquam
1037 2143 1226 2185 devotius

561 2218 730 2269 Oravit,
763 2234 836 2260 nec
865 2217 1040 2258 fidelius.

334 2365 392 2403 20,
418 2365 439 2395 3
489 2363 548 2397 das
574 2364 650 2397 dem
677 2374 774 2396 verse
800 2361 1039 2402 uothwendige
1064 2368 1130 2392 uon
1156 2357 1325 2397 verneint,
1361 2357 1423 2390 aus
1444 2355 1606 2389 deutsche

262 2422 382 2463 weise,
408 2423 470 2457 mit
494 2434 663 2467 nunquam
689 2431 884 2456 zusammen
910 2430 972 2454 nur
997 2416 1140 2452 einfach.
