<?xml version="1.0" encoding="UTF-8"?>
<!DOCTYPE html PUBLIC "-//W3C//DTD XHTML 1.0 Transitional//EN"
    "http://www.w3.org/TR/xhtml1/DTD/xhtml1-transitional.dtd">
<html xmlns="http://www.w3.org/1999/xhtml" xml:lang="en" lang="en">
 <head>
  <title>
</title>
<meta http-equiv="Content-Type" content="text/html;charset=utf-8" />
  <meta name='ocr-system' content='tesseract 3.04.00' />
  <meta name='ocr-capabilities' content='ocr_page ocr_carea ocr_par ocr_line ocrx_word'/>
</head>
<body>
  <div class='ocr_page' id='page_1' title='image "./lateinischegedic00grimuoft_0202.png"; bbox 0 0 1721 2938; ppageno 0'>
   <div class='ocr_carea' id='block_1_1' title="bbox 89 1585 239 1622">
    <p class='ocr_par' dir='ltr' id='par_1_1' title="bbox 89 1585 239 1622">
     <span class='ocr_line' id='line_1_1' title="bbox 89 1585 239 1622; baseline 0.02 -3"><span class='ocrx_word' id='word_1_1' title='bbox 89 1585 174 1620; x_wconf 59' lang='lat' dir='ltr'><strong>fol]</strong></span> <span class='ocrx_word' id='word_1_2' title='bbox 187 1588 239 1622; x_wconf 80' lang='lat' dir='ltr'><strong>lb.</strong></span> 
     </span>
    </p>
   </div>
   <div class='ocr_carea' id='block_1_2' title="bbox 252 128 330 171">
    <p class='ocr_par' dir='ltr' id='par_1_2' title="bbox 252 128 330 171">
     <span class='ocr_line' id='line_1_2' title="bbox 252 128 330 171; baseline 0.013 -3"><span class='ocrx_word' id='word_1_3' title='bbox 252 128 264 168; x_wconf 87' lang='grc'>1</span> <span class='ocrx_word' id='word_1_4' title='bbox 278 129 330 171; x_wconf 74' lang='lat'><strong>46</strong></span> 
     </span>
    </p>
   </div>
   <div class='ocr_carea' id='block_1_3' title="bbox 557 128 1284 186">
    <p class='ocr_par' dir='ltr' id='par_1_3' title="bbox 557 128 1284 186">
     <span class='ocr_line' id='line_1_3' title="bbox 557 128 1284 186; baseline 0.006 -16"><span class='ocrx_word' id='word_1_5' title='bbox 557 129 595 170; x_wconf 78' lang='lat' dir='ltr'>R</span> <span class='ocrx_word' id='word_1_6' title='bbox 618 129 650 171; x_wconf 91' lang='lat' dir='ltr'>U</span> <span class='ocrx_word' id='word_1_7' title='bbox 671 129 709 170; x_wconf 88' lang='lat'>0</span> <span class='ocrx_word' id='word_1_8' title='bbox 730 129 766 170; x_wconf 88' lang='lat' dir='ltr'>D</span> <span class='ocrx_word' id='word_1_9' title='bbox 786 128 854 170; x_wconf 57' lang='lat'><strong>121</strong></span> <span class='ocrx_word' id='word_1_10' title='bbox 873 129 908 171; x_wconf 76' lang='lat' dir='ltr'>E</span> <span class='ocrx_word' id='word_1_11' title='bbox 929 130 962 171; x_wconf 88' lang='lat' dir='ltr'>B</span> <span class='ocrx_word' id='word_1_12' title='bbox 1023 130 1174 186; x_wconf 79' lang='lat' dir='ltr'><strong>fragm.</strong></span> <span class='ocrx_word' id='word_1_13' title='bbox 1207 131 1284 174; x_wconf 87' lang='lat'>111.</span> 
     </span>
    </p>
   </div>
   <div class='ocr_carea' id='block_1_4' title="bbox 248 212 780 216">
    <p class='ocr_par' dir='ltr' id='par_1_4' title="bbox 248 212 780 216">
     <span class='ocr_line' id='line_1_4' title="bbox 248 212 780 216; baseline 0 0"><span class='ocrx_word' id='word_1_14' title='bbox 248 212 780 216; x_wconf 95' lang='lat' dir='ltr'><strong> </strong></span> 
     </span>
    </p>
   </div>
   <div class='ocr_carea' id='block_1_5' title="bbox 845 213 972 218">
    <p class='ocr_par' dir='ltr' id='par_1_5' title="bbox 845 213 972 218">
     <span class='ocr_line' id='line_1_5' title="bbox 845 213 972 218; baseline 0 0"><span class='ocrx_word' id='word_1_15' title='bbox 845 213 972 218; x_wconf 95' lang='lat' dir='ltr'><strong> </strong></span> 
     </span>
    </p>
   </div>
   <div class='ocr_carea' id='block_1_6' title="bbox 250 283 1517 339">
    <p class='ocr_par' dir='ltr' id='par_1_6' title="bbox 250 283 1517 339">
     <span class='ocr_line' id='line_1_6' title="bbox 250 283 1517 339; baseline 0.005 -18"><span class='ocrx_word' id='word_1_16' title='bbox 250 284 327 322; x_wconf 85' lang='lat'><strong>145</strong></span> <span class='ocrx_word' id='word_1_17' title='bbox 386 285 480 323; x_wconf 78' lang='lat' dir='ltr'><strong>Post</strong></span> <span class='ocrx_word' id='word_1_18' title='bbox 519 284 690 334; x_wconf 79' lang='lat' dir='ltr'><strong>vigilans</strong></span> <span class='ocrx_word' id='word_1_19' title='bbox 721 283 869 335; x_wconf 73' lang='lat' dir='ltr'><strong>surgit,</strong></span> <span class='ocrx_word' id='word_1_20' title='bbox 910 285 1067 323; x_wconf 84' lang='lat' dir='ltr'><strong>mulum</strong></span> <span class='ocrx_word' id='word_1_21' title='bbox 1104 286 1358 339; x_wconf 72' lang='lat' dir='ltr'><strong>falerareque</strong></span> <span class='ocrx_word' id='word_1_22' title='bbox 1385 289 1517 337; x_wconf 59' lang='lat' dir='ltr'><strong>jussit,</strong></span> 
     </span>
    </p>
   </div>
   <div class='ocr_carea' id='block_1_7' title="bbox 248 651 326 686">
    <p class='ocr_par' dir='ltr' id='par_1_7' title="bbox 248 651 326 686">
     <span class='ocr_line' id='line_1_7' title="bbox 248 651 326 686; baseline -0.013 0"><span class='ocrx_word' id='word_1_23' title='bbox 248 651 326 686; x_wconf 86' lang='lat'><strong>150</strong></span> 
     </span>
    </p>
   </div>
   <div class='ocr_carea' id='block_1_8' title="bbox 248 1012 325 1049">
    <p class='ocr_par' dir='ltr' id='par_1_8' title="bbox 248 1012 325 1049">
     <span class='ocr_line' id='line_1_8' title="bbox 248 1012 325 1049; baseline 0.026 -2"><span class='ocrx_word' id='word_1_24' title='bbox 248 1012 325 1049; x_wconf 89' lang='grc'><strong>155</strong></span> 
     </span>
    </p>
   </div>
   <div class='ocr_carea' id='block_1_9' title="bbox 247 1373 325 1408">
    <p class='ocr_par' dir='ltr' id='par_1_9' title="bbox 247 1373 325 1408">
     <span class='ocr_line' id='line_1_9' title="bbox 247 1373 325 1408; baseline 0 0"><span class='ocrx_word' id='word_1_25' title='bbox 247 1373 325 1408; x_wconf 80' lang='grc'><strong>160</strong></span> 
     </span>
    </p>
   </div>
   <div class='ocr_carea' id='block_1_10' title="bbox 244 1730 321 1766">
    <p class='ocr_par' dir='ltr' id='par_1_10' title="bbox 244 1730 321 1766">
     <span class='ocr_line' id='line_1_10' title="bbox 244 1730 321 1766; baseline 0.026 -2"><span class='ocrx_word' id='word_1_26' title='bbox 244 1730 321 1766; x_wconf 85' lang='grc'><strong>165</strong></span> 
     </span>
    </p>
   </div>
   <div class='ocr_carea' id='block_1_11' title="bbox 242 2089 321 2124">
    <p class='ocr_par' dir='ltr' id='par_1_11' title="bbox 242 2089 321 2124">
     <span class='ocr_line' id='line_1_11' title="bbox 242 2089 321 2124; baseline -0.013 0"><span class='ocrx_word' id='word_1_27' title='bbox 242 2089 321 2124; x_wconf 84' lang='grc'><strong>170</strong></span> 
     </span>
    </p>
   </div>
   <div class='ocr_carea' id='block_1_12' title="bbox 379 356 1591 1709">
    <p class='ocr_par' dir='ltr' id='par_1_12' title="bbox 383 356 1546 471">
     <span class='ocr_line' id='line_1_12' title="bbox 390 356 1546 413; baseline 0.004 -19"><span class='ocrx_word' id='word_1_28' title='bbox 390 356 577 408; x_wconf 71' lang='lat' dir='ltr'><strong>Cumque</strong></span> <span class='ocrx_word' id='word_1_29' title='bbox 610 356 760 409; x_wconf 83' lang='lat' dir='ltr'><strong>quibus</strong></span> <span class='ocrx_word' id='word_1_30' title='bbox 791 358 917 396; x_wconf 82' lang='lat' dir='ltr'><strong>voluit</strong></span> <span class='ocrx_word' id='word_1_31' title='bbox 953 356 1000 396; x_wconf 85' lang='lat' dir='ltr'><strong>ad</strong></span> <span class='ocrx_word' id='word_1_32' title='bbox 1032 371 1168 409; x_wconf 80' lang='lat' dir='ltr'><strong>regem</strong></span> <span class='ocrx_word' id='word_1_33' title='bbox 1202 367 1301 399; x_wconf 84' lang='lat' dir='ltr'><strong>tunc</strong></span> <span class='ocrx_word' id='word_1_34' title='bbox 1340 361 1546 413; x_wconf 80' lang='lat' dir='ltr'><strong>equitavit.</strong></span> 
     </span>
     <span class='ocr_line' id='line_1_13' title="bbox 383 430 1353 471; baseline 0.004 -4"><span class='ocrx_word' id='word_1_35' title='bbox 383 430 526 468; x_wconf 81' lang='lat' dir='ltr'><strong>Plures</strong></span> <span class='ocrx_word' id='word_1_36' title='bbox 552 438 774 468; x_wconf 82' lang='lat' dir='ltr'><strong>occurrunt</strong></span> <span class='ocrx_word' id='word_1_37' title='bbox 806 437 844 468; x_wconf 81' lang='lat' dir='ltr'><strong>et</strong></span> <span class='ocrx_word' id='word_1_38' title='bbox 874 430 911 469; x_wconf 90' lang='lat' dir='ltr'><strong>ei</strong></span> <span class='ocrx_word' id='word_1_39' title='bbox 942 431 1095 470; x_wconf 80' lang='lat' dir='ltr'><strong>servire</strong></span> <span class='ocrx_word' id='word_1_40' title='bbox 1124 431 1353 471; x_wconf 82' lang='lat' dir='ltr'><strong>studebant.</strong></span> 
     </span>
    </p>

    <p class='ocr_par' dir='ltr' id='par_1_13' title="bbox 385 499 1508 627">
     <span class='ocr_line' id='line_1_14' title="bbox 385 499 1508 557; baseline 0.006 -18"><span class='ocrx_word' id='word_1_41' title='bbox 385 499 518 549; x_wconf 82' lang='lat' dir='ltr'><strong>Quem</strong></span> <span class='ocrx_word' id='word_1_42' title='bbox 550 502 656 540; x_wconf 85' lang='lat' dir='ltr'><strong>bene</strong></span> <span class='ocrx_word' id='word_1_43' title='bbox 690 501 864 553; x_wconf 79' lang='lat' dir='ltr'><strong>suscepit</strong></span> <span class='ocrx_word' id='word_1_44' title='bbox 897 516 970 541; x_wconf 82' lang='lat' dir='ltr'><strong>rex</strong></span> <span class='ocrx_word' id='word_1_45' title='bbox 1007 511 1127 555; x_wconf 83' lang='lat' dir='ltr'><strong>atque</strong></span> <span class='ocrx_word' id='word_1_46' title='bbox 1167 503 1308 544; x_wconf 67' lang='lat' dir='ltr'><strong>sedere</strong></span> <span class='ocrx_word' id='word_1_47' title='bbox 1339 506 1508 557; x_wconf 81' lang='lat' dir='ltr'><strong>rogavit.</strong></span> 
     </span>
     <span class='ocr_line' id='line_1_15' title="bbox 390 573 1441 627; baseline 0.006 -15"><span class='ocrx_word' id='word_1_48' title='bbox 390 573 473 622; x_wconf 82' lang='lat' dir='ltr'><strong>Qui</strong></span> <span class='ocrx_word' id='word_1_49' title='bbox 505 573 633 613; x_wconf 79' lang='lat' dir='ltr'><strong>dixit:</strong></span> <span class='ocrx_word' id='word_1_50' title='bbox 665 573 866 624; x_wconf 84' lang='lat' dir='ltr'><strong>‘domine,</strong></span> <span class='ocrx_word' id='word_1_51' title='bbox 899 590 1057 614; x_wconf 84' lang='lat' dir='ltr'><strong>mecum</strong></span> <span class='ocrx_word' id='word_1_52' title='bbox 1089 576 1256 627; x_wconf 75' lang='lat' dir='ltr'><strong>dignare</strong></span> <span class='ocrx_word' id='word_1_53' title='bbox 1287 578 1441 627; x_wconf 71' lang='lat' dir='ltr'><strong>venire,</strong></span> 
     </span>
    </p>

    <p class='ocr_par' dir='ltr' id='par_1_14' title="bbox 380 647 1591 978">
     <span class='ocr_line' id='line_1_16' title="bbox 382 647 1450 701; baseline 0.005 -15"><span class='ocrx_word' id='word_1_54' title='bbox 382 647 434 686; x_wconf 88' lang='lat' dir='ltr'><strong>Et</strong></span> <span class='ocrx_word' id='word_1_55' title='bbox 464 661 548 687; x_wconf 88' lang='lat' dir='ltr'><strong>non</strong></span> <span class='ocrx_word' id='word_1_56' title='bbox 584 647 755 687; x_wconf 80' lang='lat' dir='ltr'><strong>abnuite</strong></span> <span class='ocrx_word' id='word_1_57' title='bbox 789 661 893 700; x_wconf 83' lang='lat' dir='ltr'><strong>quae</strong></span> <span class='ocrx_word' id='word_1_58' title='bbox 925 661 1096 687; x_wconf 78' lang='lat' dir='ltr'><strong>munera</strong></span> <span class='ocrx_word' id='word_1_59' title='bbox 1131 664 1252 701; x_wconf 81' lang='lat' dir='ltr'><strong>parca</strong></span> <span class='ocrx_word' id='word_1_60' title='bbox 1281 651 1356 690; x_wconf 87' lang='lat' dir='ltr'><strong>tibi</strong></span> <span class='ocrx_word' id='word_1_61' title='bbox 1385 650 1450 698; x_wconf 74' lang='lat' dir='ltr'><strong>do,</strong></span> 
     </span>
     <span class='ocr_line' id='line_1_17' title="bbox 380 790 1591 845; baseline 0.002 -15"><span class='ocrx_word' id='word_1_62' title='bbox 380 790 588 845; x_wconf 82' lang='lat' dir='ltr'><strong>Quicquid</strong></span> <span class='ocrx_word' id='word_1_63' title='bbox 619 800 863 832; x_wconf 83' lang='lat' dir='ltr'><strong>summatum</strong></span> <span class='ocrx_word' id='word_1_64' title='bbox 891 792 940 832; x_wconf 85' lang='lat' dir='ltr'><strong>sit</strong></span> <span class='ocrx_word' id='word_1_65' title='bbox 971 801 1008 831; x_wconf 79' lang='lat' dir='ltr'><strong>et</strong></span> <span class='ocrx_word' id='word_1_66' title='bbox 1035 794 1100 832; x_wconf 86' lang='lat' dir='ltr'><strong>hic</strong></span> <span class='ocrx_word' id='word_1_67' title='bbox 1124 793 1287 833; x_wconf 79' lang='lat' dir='ltr'><strong>veniant</strong></span> <span class='ocrx_word' id='word_1_68' title='bbox 1311 808 1410 844; x_wconf 74' lang='lat' dir='ltr'><strong>rogo</strong></span> <span class='ocrx_word' id='word_1_69' title='bbox 1434 792 1591 832; x_wconf 73' lang='lat' dir='ltr'><strong>tecum-⁹</strong></span> 
     </span>
     <span class='ocr_line' id='line_1_18' title="bbox 381 864 1426 908; baseline 0.002 -5"><span class='ocrx_word' id='word_1_70' title='bbox 381 864 471 903; x_wconf 80' lang='lat' dir='ltr'><strong>Rex</strong></span> <span class='ocrx_word' id='word_1_71' title='bbox 501 865 576 903; x_wconf 87' lang='lat' dir='ltr'><strong>ait:</strong></span> <span class='ocrx_word' id='word_1_72' title='bbox 619 864 670 902; x_wconf 80' lang='lat' dir='ltr'><strong>‘id</strong></span> <span class='ocrx_word' id='word_1_73' title='bbox 707 864 800 904; x_wconf 66' lang='lat' dir='ltr'><strong>fiat!</strong></span> <span class='ocrx_word' id='word_1_74' title='bbox 857 865 947 904; x_wconf 82' lang='lat' dir='ltr'><strong>Rex</strong></span> <span class='ocrx_word' id='word_1_75' title='bbox 978 867 1081 905; x_wconf 77' lang='lat' dir='ltr'><strong>alter</strong></span> <span class='ocrx_word' id='word_1_76' title='bbox 1112 865 1231 905; x_wconf 83' lang='lat' dir='ltr'><strong>doma</strong></span> <span class='ocrx_word' id='word_1_77' title='bbox 1263 867 1426 908; x_wconf 81' lang='lat' dir='ltr'><strong>revisat.</strong></span> 
     </span>
     <span class='ocr_line' id='line_1_19' title="bbox 382 935 1446 978; baseline 0.003 -4"><span class='ocrx_word' id='word_1_78' title='bbox 382 935 593 976; x_wconf 82' lang='lat' dir='ltr'>Convocat</span> <span class='ocrx_word' id='word_1_79' title='bbox 626 937 699 975; x_wconf 83' lang='lat' dir='ltr'><strong>iste</strong></span> <span class='ocrx_word' id='word_1_80' title='bbox 740 950 837 975; x_wconf 81' lang='lat' dir='ltr'><strong>suos</strong></span> <span class='ocrx_word' id='word_1_81' title='bbox 871 946 1091 976; x_wconf 75' lang='lat' dir='ltr'>summates</span> <span class='ocrx_word' id='word_1_82' title='bbox 1128 938 1446 978; x_wconf 81' lang='lat' dir='ltr'><strong>conveniendos.</strong></span> 
     </span>
    </p>

    <p class='ocr_par' dir='ltr' id='par_1_15' title="bbox 379 1006 1588 1493">
     <span class='ocr_line' id='line_1_20' title="bbox 388 1006 1532 1067; baseline 0.003 -23"><span class='ocrx_word' id='word_1_83' title='bbox 388 1006 468 1054; x_wconf 81' lang='lat' dir='ltr'><strong>Qui</strong></span> <span class='ocrx_word' id='word_1_84' title='bbox 502 1007 597 1046; x_wconf 79' lang='lat' dir='ltr'><strong>dum</strong></span> <span class='ocrx_word' id='word_1_85' title='bbox 631 1009 881 1048; x_wconf 82' lang='lat' dir='ltr'><strong>conveniunt</strong></span> <span class='ocrx_word' id='word_1_86' title='bbox 924 1011 986 1049; x_wconf 84' lang='lat' dir='ltr'><strong>vel</strong></span> <span class='ocrx_word' id='word_1_87' title='bbox 1022 1024 1157 1049; x_wconf 78' lang='lat' dir='ltr'><strong>coram</strong></span> <span class='ocrx_word' id='word_1_88' title='bbox 1200 1025 1294 1061; x_wconf 78' lang='lat' dir='ltr'><strong>rege</strong></span> <span class='ocrx_word' id='word_1_89' title='bbox 1325 1010 1532 1067; x_wconf 82' lang='lat' dir='ltr'><strong>sederunt,</strong></span> 
     </span>
     <span class='ocr_line' id='line_1_21' title="bbox 379 1078 1482 1132; baseline 0.001 -14"><span class='ocrx_word' id='word_1_90' title='bbox 379 1078 435 1118; x_wconf 80' lang='lat' dir='ltr'><strong>Ut</strong></span> <span class='ocrx_word' id='word_1_91' title='bbox 465 1093 553 1118; x_wconf 86' lang='lat' dir='ltr'><strong>mos</strong></span> <span class='ocrx_word' id='word_1_92' title='bbox 585 1083 672 1129; x_wconf 85' lang='lat' dir='ltr'><strong>ejus</strong></span> <span class='ocrx_word' id='word_1_93' title='bbox 706 1089 791 1119; x_wconf 84' lang='lat' dir='ltr'><strong>erat</strong></span> <span class='ocrx_word' id='word_1_94' title='bbox 822 1095 1008 1132; x_wconf 73' lang='lat' dir='ltr'><strong>semper,</strong></span> <span class='ocrx_word' id='word_1_95' title='bbox 1052 1081 1268 1132; x_wconf 75' lang='lat' dir='ltr'><strong>rogitando</strong></span> <span class='ocrx_word' id='word_1_96' title='bbox 1302 1083 1482 1132; x_wconf 81' lang='lat' dir='ltr'><strong>jubebat,</strong></span> 
     </span>
     <span class='ocr_line' id='line_1_22' title="bbox 383 1149 1588 1207; baseline 0.002 -17"><span class='ocrx_word' id='word_1_97' title='bbox 383 1149 477 1199; x_wconf 85' lang='lat' dir='ltr'><strong>Quo</strong></span> <span class='ocrx_word' id='word_1_98' title='bbox 499 1166 597 1191; x_wconf 83' lang='lat' dir='ltr'><strong>suus</strong></span> <span class='ocrx_word' id='word_1_99' title='bbox 627 1161 731 1191; x_wconf 79' lang='lat' dir='ltr'><strong>esset</strong></span> <span class='ocrx_word' id='word_1_100' title='bbox 761 1154 898 1193; x_wconf 85' lang='lat' dir='ltr'><strong>honor</strong></span> <span class='ocrx_word' id='word_1_101' title='bbox 923 1154 1062 1202; x_wconf 83' lang='lat' dir='ltr'><strong>cuivis,</strong></span> <span class='ocrx_word' id='word_1_102' title='bbox 1100 1169 1223 1207; x_wconf 86' lang='lat' dir='ltr'><strong>quam</strong></span> <span class='ocrx_word' id='word_1_103' title='bbox 1254 1169 1426 1194; x_wconf 83' lang='lat' dir='ltr'><strong>munera</strong></span> <span class='ocrx_word' id='word_1_104' title='bbox 1447 1158 1588 1203; x_wconf 77' lang='lat' dir='ltr'><strong>major,</strong></span> 
     </span>
     <span class='ocr_line' id='line_1_23' title="bbox 383 1224 1540 1279; baseline 0.002 -17"><span class='ocrx_word' id='word_1_105' title='bbox 383 1224 434 1262; x_wconf 86' lang='lat' dir='ltr'><strong>Et</strong></span> <span class='ocrx_word' id='word_1_106' title='bbox 471 1225 572 1263; x_wconf 82' lang='lat' dir='ltr'><strong>nihil</strong></span> <span class='ocrx_word' id='word_1_107' title='bbox 603 1226 824 1276; x_wconf 78' lang='lat' dir='ltr'><strong>acciperet,</strong></span> <span class='ocrx_word' id='word_1_108' title='bbox 856 1227 933 1265; x_wconf 78' lang='lat' dir='ltr'><strong>sibi</strong></span> <span class='ocrx_word' id='word_1_109' title='bbox 967 1228 1000 1265; x_wconf 84' lang='lat' dir='ltr'><strong>si</strong></span> <span class='ocrx_word' id='word_1_110' title='bbox 1030 1241 1134 1279; x_wconf 87' lang='lat' dir='ltr'><strong>quae</strong></span> <span class='ocrx_word' id='word_1_111' title='bbox 1165 1241 1239 1265; x_wconf 84' lang='lat' dir='ltr'><strong>rex</strong></span> <span class='ocrx_word' id='word_1_112' title='bbox 1272 1226 1368 1266; x_wconf 82' lang='lat' dir='ltr'><strong>dare</strong></span> <span class='ocrx_word' id='word_1_113' title='bbox 1399 1227 1540 1276; x_wconf 74' lang='lat' dir='ltr'><strong>velle13</strong></span> 
     </span>
     <span class='ocr_line' id='line_1_24' title="bbox 386 1296 1477 1350; baseline 0.003 -16"><span class='ocrx_word' id='word_1_114' title='bbox 386 1296 461 1335; x_wconf 85' lang='lat' dir='ltr'><strong>‘Ne</strong></span> <span class='ocrx_word' id='word_1_115' title='bbox 495 1297 545 1336; x_wconf 84' lang='lat' dir='ltr'><strong>sit</strong></span> <span class='ocrx_word' id='word_1_116' title='bbox 577 1311 679 1348; x_wconf 82' lang='lat' dir='ltr'><strong>opus</strong></span> <span class='ocrx_word' id='word_1_117' title='bbox 712 1311 856 1337; x_wconf 79' lang='lat' dir='ltr'><strong>consus</strong></span> <span class='ocrx_word' id='word_1_118' title='bbox 890 1298 1046 1349; x_wconf 80' lang='lat' dir='ltr'><strong>[uobis‚</strong></span> <span class='ocrx_word' id='word_1_119' title='bbox 1068 1299 1270 1350; x_wconf 80' lang='lat' dir='ltr'><strong>videatur]</strong></span> <span class='ocrx_word' id='word_1_120' title='bbox 1304 1307 1347 1338; x_wconf 82' lang='lat' dir='ltr'><strong>ut</strong></span> <span class='ocrx_word' id='word_1_121' title='bbox 1377 1302 1477 1347; x_wconf 83' lang='lat' dir='ltr'><strong>ejus.</strong></span> 
     </span>
     <span class='ocr_line' id='line_1_25' title="bbox 383 1354 1479 1422; baseline 0.003 -15"><span class='ocrx_word' id='word_1_122' title='bbox 383 1369 547 1407; x_wconf 83' lang='lat' dir='ltr'><strong>Mecum</strong></span> <span class='ocrx_word' id='word_1_123' title='bbox 593 1354 702 1407; x_wconf 82' lang='lat' dir='ltr'><strong>nunc</strong></span> <span class='ocrx_word' id='word_1_124' title='bbox 732 1370 812 1417; x_wconf 85' lang='lat' dir='ltr'><strong>ite,</strong></span> <span class='ocrx_word' id='word_1_125' title='bbox 841 1369 951 1422; x_wconf 88' lang='lat' dir='ltr'><strong>quod</strong></span> <span class='ocrx_word' id='word_1_126' title='bbox 986 1383 1059 1419; x_wconf 82' lang='lat' dir='ltr'><strong>ego</strong></span> <span class='ocrx_word' id='word_1_127' title='bbox 1092 1371 1256 1419; x_wconf 86' lang='lat' dir='ltr'><strong>faciam,</strong></span> <span class='ocrx_word' id='word_1_128' title='bbox 1294 1371 1479 1410; x_wconf 56' lang='lat' dir='ltr'><strong>facitote)</strong></span> 
     </span>
     <span class='ocr_line' id='line_1_26' title="bbox 385 1442 1367 1493; baseline 0.001 -13"><span class='ocrx_word' id='word_1_129' title='bbox 385 1443 505 1480; x_wconf 80' lang='lat' dir='ltr'>Ibant</span> <span class='ocrx_word' id='word_1_130' title='bbox 535 1455 626 1479; x_wconf 88' lang='lat' dir='ltr'><strong>cum</strong></span> <span class='ocrx_word' id='word_1_131' title='bbox 657 1455 751 1491; x_wconf 77' lang='lat' dir='ltr'><strong>rege</strong></span> <span class='ocrx_word' id='word_1_132' title='bbox 782 1442 960 1493; x_wconf 80' lang='lat' dir='ltr'><strong>suscepti</strong></span> <span class='ocrx_word' id='word_1_133' title='bbox 992 1450 1088 1480; x_wconf 85' lang='lat' dir='ltr'><strong>sunt</strong></span> <span class='ocrx_word' id='word_1_134' title='bbox 1112 1450 1150 1482; x_wconf 80' lang='lat' dir='ltr'><strong>et</strong></span> <span class='ocrx_word' id='word_1_135' title='bbox 1181 1443 1367 1482; x_wconf 75' lang='lat' dir='ltr'><strong>honeste.</strong></span> 
     </span>
    </p>

    <p class='ocr_par' dir='ltr' id='par_1_16' title="bbox 381 1512 1484 1638">
     <span class='ocr_line' id='line_1_27' title="bbox 385 1512 1484 1566; baseline 0.001 -16"><span class='ocrx_word' id='word_1_136' title='bbox 385 1513 495 1550; x_wconf 86' lang='lat' dir='ltr'><strong>Dum</strong></span> <span class='ocrx_word' id='word_1_137' title='bbox 529 1513 816 1558; x_wconf 80' lang='lat' dir='ltr'><strong>consederunt,</strong></span> <span class='ocrx_word' id='word_1_138' title='bbox 855 1522 919 1552; x_wconf 85' lang='lat' dir='ltr'><strong>ter</strong></span> <span class='ocrx_word' id='word_1_139' title='bbox 949 1512 1244 1566; x_wconf 83' lang='lat' dir='ltr'><strong>miscendoque</strong></span> <span class='ocrx_word' id='word_1_140' title='bbox 1276 1514 1484 1562; x_wconf 79' lang='lat' dir='ltr'><strong>biberunt,</strong></span> 
     </span>
     <span class='ocr_line' id='line_1_28' title="bbox 381 1584 1449 1638; baseline 0.003 -16"><span class='ocrx_word' id='word_1_141' title='bbox 381 1585 473 1622; x_wconf 18' lang='lat' dir='ltr'><strong>*tex</strong></span> <span class='ocrx_word' id='word_1_142' title='bbox 502 1598 637 1635; x_wconf 79' lang='lat' dir='ltr'><strong>regem</strong></span> <span class='ocrx_word' id='word_1_143' title='bbox 668 1584 785 1623; x_wconf 76' lang='lat' dir='ltr'><strong>duxit</strong></span> <span class='ocrx_word' id='word_1_144' title='bbox 816 1599 975 1633; x_wconf 82' lang='lat' dir='ltr'><strong>secum,</strong></span> <span class='ocrx_word' id='word_1_145' title='bbox 1016 1599 1119 1637; x_wconf 85' lang='lat' dir='ltr'><strong>qnos</strong></span> <span class='ocrx_word' id='word_1_146' title='bbox 1150 1585 1293 1638; x_wconf 79' lang='lat' dir='ltr'>ireque</span> <span class='ocrx_word' id='word_1_147' title='bbox 1332 1587 1449 1635; x_wconf 71' lang='lat' dir='ltr'><strong>iussit</strong></span> 
     </span>
    </p>

    <p class='ocr_par' dir='ltr' id='par_1_17' title="bbox 380 1655 1459 1709">
     <span class='ocr_line' id='line_1_29' title="bbox 380 1655 1459 1709; baseline 0.003 -17"><span class='ocrx_word' id='word_1_148' title='bbox 380 1655 426 1693; x_wconf 87' lang='lat' dir='ltr'><strong>In</strong></span> <span class='ocrx_word' id='word_1_149' title='bbox 458 1659 613 1694; x_wconf 79' lang='lat' dir='ltr'><strong>curtem</strong></span> <span class='ocrx_word' id='word_1_150' title='bbox 652 1657 773 1694; x_wconf 84' lang='lat' dir='ltr'><strong>latam</strong></span> <span class='ocrx_word' id='word_1_151' title='bbox 957 1687 965 1696; x_wconf 95' lang='lat'>.</span> <span class='ocrx_word' id='word_1_152' title='bbox 996 1657 1029 1696; x_wconf 88' lang='lat' dir='ltr'><strong>is</strong></span> <span class='ocrx_word' id='word_1_153' title='bbox 1061 1658 1459 1709; x_wconf 82' lang='lat' dir='ltr'><strong>amphiprehensam‚</strong></span> 
     </span>
    </p>
   </div>
   <div class='ocr_carea' id='block_1_13' title="bbox 380 1728 1437 1780">
    <p class='ocr_par' dir='ltr' id='par_1_18' title="bbox 380 1728 1437 1780">
     <span class='ocr_line' id='line_1_30' title="bbox 380 1728 1437 1780; baseline 0.003 -14"><span class='ocrx_word' id='word_1_154' title='bbox 380 1728 426 1766; x_wconf 88' lang='lat' dir='ltr'><strong>In</strong></span> <span class='ocrx_word' id='word_1_155' title='bbox 459 1742 542 1780; x_wconf 86' lang='lat' dir='ltr'><strong>qua</strong></span> <span class='ocrx_word' id='word_1_156' title='bbox 570 1736 675 1766; x_wconf 87' lang='lat' dir='ltr'><strong>stant</strong></span> <span class='ocrx_word' id='word_1_157' title='bbox 706 1742 872 1767; x_wconf 83' lang='lat' dir='ltr'><strong>mensae</strong></span> <span class='ocrx_word' id='word_1_158' title='bbox 894 1728 1010 1768; x_wconf 85' lang='lat' dir='ltr'><strong>vario</strong></span> <span class='ocrx_word' id='word_1_159' title='bbox 1041 1743 1165 1768; x_wconf 87' lang='lat' dir='ltr'><strong>censu</strong></span> <span class='ocrx_word' id='word_1_160' title='bbox 1196 1731 1437 1779; x_wconf 78' lang='lat' dir='ltr'><strong>cunmlatae,</strong></span> 
     </span>
    </p>
   </div>
   <div class='ocr_carea' id='block_1_14' title="bbox 353 1786 1488 1855">
    <p class='ocr_par' dir='ltr' id='par_1_19' title="bbox 353 1786 1488 1855">
     <span class='ocr_line' id='line_1_31' title="bbox 353 1786 1488 1855; baseline 0.005 -20"><span class='ocrx_word' id='word_1_161' title='bbox 353 1786 424 1836; x_wconf 80' lang='lat' dir='ltr'><strong>¹ln</strong></span> <span class='ocrx_word' id='word_1_162' title='bbox 458 1814 539 1851; x_wconf 86' lang='lat' dir='ltr'><strong>qua</strong></span> <span class='ocrx_word' id='word_1_163' title='bbox 572 1808 680 1839; x_wconf 85' lang='lat' dir='ltr'><strong>stant</strong></span> <span class='ocrx_word' id='word_1_164' title='bbox 709 1809 746 1840; x_wconf 87' lang='lat' dir='ltr'><strong>et</strong></span> <span class='ocrx_word' id='word_1_165' title='bbox 775 1803 893 1855; x_wconf 86' lang='lat' dir='ltr'><strong>equi,</strong></span> <span class='ocrx_word' id='word_1_166' title='bbox 931 1801 1047 1842; x_wconf 84' lang='lat' dir='ltr'><strong>decet</strong></span> <span class='ocrx_word' id='word_1_167' title='bbox 1075 1810 1119 1841; x_wconf 82' lang='lat' dir='ltr'><strong>ut</strong></span> <span class='ocrx_word' id='word_1_168' title='bbox 1148 1816 1285 1854; x_wconf 84' lang='lat' dir='ltr'><strong>regem</strong></span> <span class='ocrx_word' id='word_1_169' title='bbox 1318 1803 1488 1852; x_wconf 80' lang='lat' dir='ltr'><strong>falerati,</strong></span> 
     </span>
    </p>
   </div>
   <div class='ocr_carea' id='block_1_15' title="bbox 377 1870 1580 2426">
    <p class='ocr_par' dir='ltr' id='par_1_20' title="bbox 378 1870 1442 1998">
     <span class='ocr_line' id='line_1_32' title="bbox 381 1870 1442 1927; baseline 0.006 -19"><span class='ocrx_word' id='word_1_170' title='bbox 381 1870 497 1909; x_wconf 82' lang='lat' dir='ltr'><strong>Stant</strong></span> <span class='ocrx_word' id='word_1_171' title='bbox 529 1873 648 1910; x_wconf 85' lang='lat' dir='ltr'><strong>etiam</strong></span> <span class='ocrx_word' id='word_1_172' title='bbox 679 1873 802 1922; x_wconf 86' lang='lat' dir='ltr'><strong>muli,</strong></span> <span class='ocrx_word' id='word_1_173' title='bbox 841 1881 950 1913; x_wconf 85' lang='lat' dir='ltr'><strong>stant</strong></span> <span class='ocrx_word' id='word_1_174' title='bbox 983 1888 1255 1927; x_wconf 79' lang='lat' dir='ltr'><strong>enormesque</strong></span> <span class='ocrx_word' id='word_1_175' title='bbox 1287 1875 1442 1925; x_wconf 82' lang='lat' dir='ltr'><strong>cameli,</strong></span> 
     </span>
     <span class='ocr_line' id='line_1_33' title="bbox 378 1941 1362 1998; baseline 0.004 -18"><span class='ocrx_word' id='word_1_176' title='bbox 378 1941 494 1981; x_wconf 83' lang='lat' dir='ltr'><strong>Stant</strong></span> <span class='ocrx_word' id='word_1_177' title='bbox 524 1952 562 1982; x_wconf 90' lang='lat' dir='ltr'><strong>et</strong></span> <span class='ocrx_word' id='word_1_178' title='bbox 592 1953 654 1982; x_wconf 84' lang='lat' dir='ltr'><strong>ter</strong></span> <span class='ocrx_word' id='word_1_179' title='bbox 681 1942 776 1983; x_wconf 87' lang='lat' dir='ltr'><strong>deni</strong></span> <span class='ocrx_word' id='word_1_180' title='bbox 803 1945 919 1985; x_wconf 81' lang='lat' dir='ltr'><strong>mites</strong></span> <span class='ocrx_word' id='word_1_181' title='bbox 950 1946 1094 1997; x_wconf 75' lang='lat' dir='ltr'><strong>onagri</strong></span> <span class='ocrx_word' id='word_1_182' title='bbox 1121 1945 1362 1998; x_wconf 83' lang='lat' dir='ltr'><strong>domitique,</strong></span> 
     </span>
    </p>

    <p class='ocr_par' dir='ltr' id='par_1_21' title="bbox 379 2013 1328 2069">
     <span class='ocr_line' id='line_1_34' title="bbox 379 2013 1328 2069; baseline 0.004 -16"><span class='ocrx_word' id='word_1_183' title='bbox 379 2013 497 2054; x_wconf 81' lang='lat' dir='ltr'><strong>Stant</strong></span> <span class='ocrx_word' id='word_1_184' title='bbox 532 2024 569 2055; x_wconf 86' lang='lat' dir='ltr'><strong>et</strong></span> <span class='ocrx_word' id='word_1_185' title='bbox 600 2018 804 2056; x_wconf 80' lang='lat' dir='ltr'><strong>terribiles</strong></span> <span class='ocrx_word' id='word_1_186' title='bbox 842 2017 1028 2069; x_wconf 78' lang='lat' dir='ltr'><strong>leopardi</strong></span> <span class='ocrx_word' id='word_1_187' title='bbox 1059 2017 1144 2058; x_wconf 89' lang='lat' dir='ltr'><strong>sive</strong></span> <span class='ocrx_word' id='word_1_188' title='bbox 1173 2021 1328 2067; x_wconf 87' lang='lat' dir='ltr'><strong>leones,</strong></span> 
     </span>
    </p>

    <p class='ocr_par' dir='ltr' id='par_1_22' title="bbox 380 2086 1379 2150">
     <span class='ocr_line' id='line_1_35' title="bbox 380 2086 1379 2150; baseline 0.007 -25"><span class='ocrx_word' id='word_1_189' title='bbox 380 2086 471 2126; x_wconf 84' lang='lat' dir='ltr'><strong>Stas</strong></span> <span class='ocrx_word' id='word_1_190' title='bbox 501 2096 541 2126; x_wconf 80' lang='lat' dir='ltr'><strong>et</strong></span> <span class='ocrx_word' id='word_1_191' title='bbox 572 2089 759 2128; x_wconf 81' lang='lat' dir='ltr'><strong>inaurata</strong></span> <span class='ocrx_word' id='word_1_192' title='bbox 791 2103 1027 2138; x_wconf 78' lang='lat' dir='ltr'><strong>connexus,</strong></span> <span class='ocrx_word' id='word_1_193' title='bbox 1052 2092 1195 2150; x_wconf 74' lang='lat' dir='ltr'><strong>lynce,</strong></span> <span class='ocrx_word' id='word_1_194' title='bbox 1224 2099 1379 2140; x_wconf 82' lang='lat' dir='ltr'><strong>catena,</strong></span> 
     </span>
    </p>

    <p class='ocr_par' dir='ltr' id='par_1_23' title="bbox 378 2156 1398 2213">
     <span class='ocr_line' id='line_1_36' title="bbox 378 2156 1398 2213; baseline 0.003 -16"><span class='ocrx_word' id='word_1_195' title='bbox 378 2156 505 2197; x_wconf 86' lang='lat' dir='ltr'><strong>Simia</strong></span> <span class='ocrx_word' id='word_1_196' title='bbox 538 2173 628 2198; x_wconf 81' lang='lat' dir='ltr'><strong>cum</strong></span> <span class='ocrx_word' id='word_1_197' title='bbox 661 2169 763 2199; x_wconf 81' lang='lat' dir='ltr'><strong>caua</strong></span> <span class='ocrx_word' id='word_1_198' title='bbox 794 2169 870 2200; x_wconf 81' lang='lat' dir='ltr'><strong>stat</strong></span> <span class='ocrx_word' id='word_1_199' title='bbox 899 2161 1040 2213; x_wconf 73' lang='lat' dir='ltr'><strong>ibique</strong></span> <span class='ocrx_word' id='word_1_200' title='bbox 1073 2161 1230 2200; x_wconf 79' lang='lat' dir='ltr'><strong>marina</strong></span> <span class='ocrx_word' id='word_1_201' title='bbox 1264 2162 1398 2211; x_wconf 68' lang='lat' dir='ltr'><strong>ligata.</strong></span> 
     </span>
    </p>

    <p class='ocr_par' dir='ltr' id='par_1_24' title="bbox 378 2229 1388 2282">
     <span class='ocr_line' id='line_1_37' title="bbox 378 2229 1388 2282; baseline 0.002 -13"><span class='ocrx_word' id='word_1_202' title='bbox 378 2229 494 2269; x_wconf 83' lang='lat' dir='ltr'><strong>Stant</strong></span> <span class='ocrx_word' id='word_1_203' title='bbox 526 2233 612 2270; x_wconf 83' lang='lat' dir='ltr'><strong>ursi</strong></span> <span class='ocrx_word' id='word_1_204' title='bbox 639 2234 790 2282; x_wconf 84' lang='lat' dir='ltr'><strong>gemini</strong></span> <span class='ocrx_word' id='word_1_205' title='bbox 826 2234 954 2271; x_wconf 82' lang='lat' dir='ltr'><strong>multo</strong></span> <span class='ocrx_word' id='word_1_206' title='bbox 997 2233 1221 2272; x_wconf 85' lang='lat' dir='ltr'><strong>variamine</strong></span> <span class='ocrx_word' id='word_1_207' title='bbox 1252 2231 1352 2272; x_wconf 79' lang='lat' dir='ltr'><strong>ludi.</strong></span> <span class='ocrx_word' id='word_1_208' title='bbox 1383 2245 1388 2247; x_wconf 55' lang='lat'><em>⁷</em></span> 
     </span>
    </p>

    <p class='ocr_par' dir='ltr' id='par_1_25' title="bbox 377 2301 1580 2426">
     <span class='ocr_line' id='line_1_38' title="bbox 380 2301 1580 2352; baseline 0.001 -11"><span class='ocrx_word' id='word_1_209' title='bbox 380 2301 491 2350; x_wconf 85' lang='lat' dir='ltr'><strong>Quin</strong></span> <span class='ocrx_word' id='word_1_210' title='bbox 517 2303 576 2343; x_wconf 85' lang='lat' dir='ltr'><strong>ibi</strong></span> <span class='ocrx_word' id='word_1_211' title='bbox 606 2313 767 2344; x_wconf 67' lang='lat' dir='ltr'><strong>sunt‘et</strong></span> <span class='ocrx_word' id='word_1_212' title='bbox 795 2317 890 2343; x_wconf 87' lang='lat' dir='ltr'><strong>aves</strong></span> <span class='ocrx_word' id='word_1_213' title='bbox 919 2304 1138 2342; x_wconf 87' lang='lat' dir='ltr'><strong>hominum</strong></span> <span class='ocrx_word' id='word_1_214' title='bbox 1166 2317 1354 2343; x_wconf 80' lang='lat' dir='ltr'><strong>sermone</strong></span> <span class='ocrx_word' id='word_1_215' title='bbox 1384 2303 1580 2352; x_wconf 81' lang='lat' dir='ltr'><strong>fruentes,</strong></span> 
     </span>
     <span class='ocr_line' id='line_1_39' title="bbox 377 2372 1497 2426; baseline 0.001 -15"><span class='ocrx_word' id='word_1_216' title='bbox 377 2372 588 2413; x_wconf 84' lang='lat' dir='ltr'><strong>Psitachus</strong></span> <span class='ocrx_word' id='word_1_217' title='bbox 620 2384 657 2414; x_wconf 87' lang='lat' dir='ltr'><strong>et</strong></span> <span class='ocrx_word' id='word_1_218' title='bbox 691 2390 853 2426; x_wconf 82' lang='lat' dir='ltr'><strong>corvus,</strong></span> <span class='ocrx_word' id='word_1_219' title='bbox 883 2374 1114 2423; x_wconf 78' lang='lat' dir='ltr'><strong>monedula,</strong></span> <span class='ocrx_word' id='word_1_220' title='bbox 1145 2375 1287 2426; x_wconf 82' lang='lat' dir='ltr'><strong>picave</strong></span> <span class='ocrx_word' id='word_1_221' title='bbox 1317 2383 1497 2413; x_wconf 77' lang='lat' dir='ltr'><strong>sturnus.</strong></span> 
     </span>
    </p>
   </div>
   <div class='ocr_carea' id='block_1_16' title="bbox 241 2445 1579 2499">
    <p class='ocr_par' dir='ltr' id='par_1_26' title="bbox 241 2445 1579 2499">
     <span class='ocr_line' id='line_1_40' title="bbox 241 2445 1579 2499; baseline 0.004 -18"><span class='ocrx_word' id='word_1_222' title='bbox 241 2446 319 2482; x_wconf 84' lang='lat'><strong>175</strong></span> <span class='ocrx_word' id='word_1_223' title='bbox 378 2445 495 2485; x_wconf 84' lang='lat' dir='ltr'><strong>Tunc</strong></span> <span class='ocrx_word' id='word_1_224' title='bbox 526 2445 605 2486; x_wconf 83' lang='lat' dir='ltr'><strong>ait:</strong></span> <span class='ocrx_word' id='word_1_225' title='bbox 637 2448 749 2488; x_wconf 86' lang='lat' dir='ltr'><strong>‘haec</strong></span> <span class='ocrx_word' id='word_1_226' title='bbox 781 2447 890 2487; x_wconf 86' lang='lat' dir='ltr'><strong>dona</strong></span> <span class='ocrx_word' id='word_1_227' title='bbox 906 2456 974 2487; x_wconf 85' lang='lat' dir='ltr'><strong>tua</strong></span> <span class='ocrx_word' id='word_1_228' title='bbox 994 2447 1091 2497; x_wconf 87' lang='lat' dir='ltr'><strong>sint,</strong></span> <span class='ocrx_word' id='word_1_229' title='bbox 1119 2461 1195 2487; x_wconf 82' lang='lat' dir='ltr'><strong>rex</strong></span> <span class='ocrx_word' id='word_1_230' title='bbox 1225 2447 1391 2499; x_wconf 85' lang='lat' dir='ltr'><strong>optime,</strong></span> <span class='ocrx_word' id='word_1_231' title='bbox 1422 2455 1579 2497; x_wconf 83' lang='lat' dir='ltr'><strong>cuncta,</strong></span> 
     </span>
    </p>
   </div>
   <div class='ocr_carea' id='block_1_17' title="bbox 491 2548 614 2554">
    <p class='ocr_par' dir='ltr' id='par_1_27' title="bbox 491 2548 614 2554">
     <span class='ocr_line' id='line_1_41' title="bbox 491 2548 614 2554; baseline 0 0"><span class='ocrx_word' id='word_1_232' title='bbox 491 2548 614 2554; x_wconf 95' lang='lat' dir='ltr'><strong> </strong></span> 
     </span>
    </p>
   </div>
   <div class='ocr_carea' id='block_1_18' title="bbox 332 2603 1386 2648">
    <p class='ocr_par' dir='ltr' id='par_1_28' title="bbox 332 2603 1386 2648">
     <span class='ocr_line' id='line_1_42' title="bbox 332 2603 1386 2648; baseline 0.001 -12"><span class='ocrx_word' id='word_1_233' title='bbox 332 2607 396 2637; x_wconf 79' lang='lat'><strong>151</strong></span> <span class='ocrx_word' id='word_1_234' title='bbox 425 2605 557 2639; x_wconf 78' lang='lat' dir='ltr'><strong>scheint</strong></span> <span class='ocrx_word' id='word_1_235' title='bbox 580 2603 778 2640; x_wconf 79' lang='lat' dir='ltr'><strong>absichuich</strong></span> <span class='ocrx_word' id='word_1_236' title='bbox 815 2605 940 2648; x_wconf 77' lang='lat' dir='ltr'><strong>getitgt</strong></span> <span class='ocrx_word' id='word_1_237' title='bbox 966 2615 1040 2637; x_wconf 75' lang='lat' dir='ltr'><strong>vom</strong></span> <span class='ocrx_word' id='word_1_238' title='bbox 1072 2603 1239 2638; x_wconf 64' lang='lat' dir='ltr'><strong>versasser</strong></span> <span class='ocrx_word' id='word_1_239' title='bbox 1271 2603 1386 2637; x_wconf 72' lang='lat' dir='ltr'><strong>selbst.</strong></span> 
     </span>
    </p>
   </div>
   <div class='ocr_carea' id='block_1_19' title="bbox 334 2664 1077 2709">
    <p class='ocr_par' dir='ltr' id='par_1_29' title="bbox 334 2664 1077 2709">
     <span class='ocr_line' id='line_1_43' title="bbox 334 2664 1077 2709; baseline 0.004 -14"><span class='ocrx_word' id='word_1_240' title='bbox 334 2666 399 2697; x_wconf 75' lang='lat'><strong>174</strong></span> <span class='ocrx_word' id='word_1_241' title='bbox 425 2664 509 2699; x_wconf 74' lang='lat' dir='ltr'><strong>iiber</strong></span> <span class='ocrx_word' id='word_1_242' title='bbox 534 2665 720 2699; x_wconf 81' lang='lat' dir='ltr'><strong>monedula</strong></span> <span class='ocrx_word' id='word_1_243' title='bbox 746 2666 800 2700; x_wconf 82' lang='lat' dir='ltr'><strong>die</strong></span> <span class='ocrx_word' id='word_1_244' title='bbox 826 2666 941 2709; x_wconf 81' lang='lat' dir='ltr'><strong>glosse</strong></span> <span class='ocrx_word' id='word_1_245' title='bbox 978 2665 1077 2698; x_wconf 67' lang='lat' dir='ltr'><strong>mlta.</strong></span> 
     </span>
    </p>
   </div>
  </div>
 </body>
</html>
