1721 2938
471 104 767 147 RUODLI
789 104 874 146 ΕΒ
935 104 1086 160 fragm.
1114 103 1146 145 I.
1407 105 1484 146 129

159 653 382 762 Quidam
416 691 608 746 prosapia
636 691 701 731 vir
729 689 972 744 progenitus
1003 703 1202 741 generosa
1504 717 1634 740 monac.

242 766 436 806 Moribus
462 765 686 816 ingenitam
716 763 937 804 decorabat
969 763 1239 813 nobilitatem,
1496 766 1555 800 fot.
1581 769 1634 800 2³.

136 1350 186 1384 10

137 1712 187 1745 15

133 2430 185 2465 25

243 837 326 887 Qui
357 837 547 879 dominos
576 838 717 890 plures
745 837 937 878 habuisse
969 836 1091 876 datur
1118 836 1358 888 locupletes,

244 912 403 965 Saepius
435 909 486 951 ad
504 910 665 949 libitum
684 910 836 963 quibus
869 910 902 949 is
929 910 1145 959 famulans,
1177 917 1213 948 et
1234 908 1482 960 honor[um]

244 982 315 1022 Nil
347 982 573 1022 deservisse
605 983 758 1034 potuit,
799 990 916 1034 putat
945 991 990 1022 ut
1019 981 1232 1021 meruisse.

248 1053 457 1107 Quicquid
489 1061 527 1092 et
557 1054 724 1093 illorum
750 1054 828 1092 sibi
859 1055 952 1107 quis
983 1052 1186 1109 commisit
1212 1053 1427 1100 herorum,

246 1127 331 1166 Aut
362 1124 643 1167 ulciscendum
674 1138 903 1180 causaeque
936 1139 1033 1165 suae
1068 1125 1361 1177 peragendum,

242 1200 340 1239 Non
371 1201 666 1251 prolongabat,
705 1213 829 1252 quam
860 1199 1112 1238 strennuiter
1140 1200 1373 1250 peragebat.

247 1272 406 1324 Saepius
436 1272 479 1310 in
511 1280 686 1311 mortem
718 1285 760 1310 se
792 1285 869 1323 pro
903 1271 1081 1310 dominis
1114 1270 1183 1310 dat
1220 1272 1372 1312 eisdem

246 1345 327 1384 Seu
357 1346 465 1383 bello
498 1357 569 1384 seu
603 1352 776 1392 venatu,
819 1357 890 1382 seu
924 1344 1108 1395 quolibet
1144 1351 1249 1381 actu.

243 1416 313 1455 Nil
345 1415 422 1455 sibi
455 1415 622 1454 fortuna
652 1415 900 1467 prohibente
932 1415 1085 1454 dabant
1120 1415 1223 1453 male
1255 1413 1350 1454 fida.

245 1489 418 1539 Semper
449 1489 694 1541 promittunt
725 1487 1011 1540 promissaque
1044 1485 1370 1527 dissimulabant.

243 1561 315 1600 Ast
347 1561 579 1600 inimicitias
610 1560 762 1599 horum
793 1573 914 1600 causa
946 1559 1025 1599 sibi
1057 1568 1194 1599 nactas

245 1634 348 1673 Cum
360 1647 555 1686 superare
570 1633 724 1686 nequit,
738 1645 864 1685 super
875 1633 952 1672 hoc
965 1632 1063 1684 quid
1083 1640 1172 1683 agat
1186 1646 1320 1684 neque
1332 1631 1484 1683 dic[at]‚

246 1706 461 1759 Nusquam
497 1719 637 1745 secure
673 1718 715 1743 se
753 1717 923 1757 sperans
957 1705 1096 1744 vivere
1128 1719 1261 1756 posse,

242 1779 392 1828 Rebus
414 1777 620 1830 dispositis
665 1777 820 1817 cunctis
847 1777 1052 1830 matrique
1085 1778 1264 1816 subactis

245 1849 430 1889 Tandem
465 1849 514 1889 de
546 1849 679 1902 patria
707 1864 882 1902 pergens
911 1851 1009 1903 petit
1042 1859 1181 1890 extera
1211 1849 1392 1902 reg[na].

242 1921 393 1961 Nullus
424 1930 462 1961 et
492 1922 602 1961 hunc
635 1922 737 1962 alius
771 1923 959 1977 sequitur
990 1924 1068 1962 nisi
1100 1924 1269 1965 scutifer
1299 1924 1436 1975 effinsl,

248 1990 331 2040 Qui
362 1992 485 2032 vehat
516 1993 729 2032 enthecam
761 1995 885 2033 rebus
917 1994 1039 2034 variis
1073 2003 1300 2043 oneratam,

247 2068 283 2104 A
314 2077 446 2117 puero
476 2064 554 2104 sibi
585 2079 707 2118 quem
739 2064 877 2105 docuit
908 2066 1082 2105 sufferre
1111 2062 1353 2121 laboresm}

242 2137 441 2176 Balenam
472 2135 673 2187 dextrini,
715 2152 899 2189 parmam
933 2137 1045 2177 vehit
1076 2145 1199 2190 atque
1232 2133 1483 2193 sinistri[m].

243 2210 404 2250 Dextra
435 2210 663 2250 lanceolam
694 2212 771 2250 sub
805 2218 920 2250 scuto
952 2210 1114 2264 fertque
1145 2210 1435 2263 pl1aret1·[am]‚

241 2283 445 2323 Annonae
478 2296 638 2323 saccum
671 2281 876 2323 modicum
907 2285 984 2322 sub
1016 2297 1058 2322 se
1090 2283 1185 2323 satis
1208 2280 1400 2339 aptu[m].

245 2357 314 2395 Ast
343 2355 538 2395 loricatus
570 2355 762 2396 dominus
793 2369 919 2408 super
948 2364 986 2395 et
1015 2355 1220 2394 tunicatus

246 2421 328 2481 [In]
359 2428 479 2467 mitra
512 2430 666 2479 galeam
697 2428 862 2467 rutilam
893 2435 1022 2479 gestat
1054 2427 1330 2479 chalybinam‚
1500 2439 1634 2475 somn,-

246 2526 376 2537 ......
385 2499 489 2537 ictus
527 2499 662 2550 gladio
696 2510 861 2554 compto
892 2502 1162 2554 capulotenus
1193 2511 1310 2547 auro,

229 2649 274 2679 23
325 2647 378 2681 fiir
402 2658 556 2682 annonae
581 2647 678 2681 stand
704 2653 773 2681 erst
796 2649 838 2682 ad
865 2649 1010 2682 fodrum.
