<?xml version="1.0" encoding="UTF-8"?>
<!DOCTYPE html PUBLIC "-//W3C//DTD XHTML 1.0 Transitional//EN"
    "http://www.w3.org/TR/xhtml1/DTD/xhtml1-transitional.dtd">
<html xmlns="http://www.w3.org/1999/xhtml" xml:lang="en" lang="en">
 <head>
  <title>
</title>
<meta http-equiv="Content-Type" content="text/html;charset=utf-8" />
  <meta name='ocr-system' content='tesseract 3.04.00' />
  <meta name='ocr-capabilities' content='ocr_page ocr_carea ocr_par ocr_line ocrx_word'/>
</head>
<body>
  <div class='ocr_page' id='page_1' title='image "./lateinischegedic00grimuoft_0252.png"; bbox 0 0 1721 2938; ppageno 0'>
   <div class='ocr_carea' id='block_1_1' title="bbox 219 145 299 188">
    <p class='ocr_par' dir='ltr' id='par_1_1' title="bbox 219 145 299 188">
     <span class='ocr_line' id='line_1_1' title="bbox 219 145 299 188; baseline 0.025 -2"><span class='ocrx_word' id='word_1_1' title='bbox 219 145 299 188; x_wconf 88' lang='grc'>196</span> 
     </span>
    </p>
   </div>
   <div class='ocr_carea' id='block_1_2' title="bbox 63 452 247 490">
    <p class='ocr_par' dir='ltr' id='par_1_2' title="bbox 63 452 247 490">
     <span class='ocr_line' id='line_1_2' title="bbox 63 452 247 490; baseline 0 -2"><span class='ocrx_word' id='word_1_2' title='bbox 63 453 210 490; x_wconf 76' lang='lat' dir='ltr'>f01.34³.</span> <span class='ocrx_word' id='word_1_3' title='bbox 228 452 247 488; x_wconf 88' lang='lat'>1</span> 
     </span>
    </p>
   </div>
   <div class='ocr_carea' id='block_1_3' title="bbox 215 1101 268 1137">
    <p class='ocr_par' dir='ltr' id='par_1_3' title="bbox 215 1101 268 1137">
     <span class='ocr_line' id='line_1_3' title="bbox 215 1101 268 1137; baseline -0.019 0"><span class='ocrx_word' id='word_1_4' title='bbox 215 1101 268 1137; x_wconf 91' lang='lat'>10</span> 
     </span>
    </p>
   </div>
   <div class='ocr_carea' id='block_1_4' title="bbox 215 1463 265 1499">
    <p class='ocr_par' dir='ltr' id='par_1_4' title="bbox 215 1463 265 1499">
     <span class='ocr_line' id='line_1_4' title="bbox 215 1463 265 1499; baseline -0.02 0"><span class='ocrx_word' id='word_1_5' title='bbox 215 1463 265 1499; x_wconf 84' lang='lat'>15</span> 
     </span>
    </p>
   </div>
   <div class='ocr_carea' id='block_1_5' title="bbox 209 2184 262 2219">
    <p class='ocr_par' dir='ltr' id='par_1_5' title="bbox 209 2184 262 2219">
     <span class='ocr_line' id='line_1_5' title="bbox 209 2184 262 2219; baseline 0 0"><span class='ocrx_word' id='word_1_6' title='bbox 209 2184 262 2219; x_wconf 88' lang='grc'>25</span> 
     </span>
    </p>
   </div>
   <div class='ocr_carea' id='block_1_6' title="bbox 210 2543 263 2578">
    <p class='ocr_par' dir='ltr' id='par_1_6' title="bbox 210 2543 263 2578">
     <span class='ocr_line' id='line_1_6' title="bbox 210 2543 263 2578; baseline -0.019 0"><span class='ocrx_word' id='word_1_7' title='bbox 210 2543 263 2578; x_wconf 83' lang='grc'>30</span> 
     </span>
    </p>
   </div>
   <div class='ocr_carea' id='block_1_7' title="bbox 484 141 1270 198">
    <p class='ocr_par' dir='ltr' id='par_1_7' title="bbox 484 141 1270 198">
     <span class='ocr_line' id='line_1_7' title="bbox 484 141 1270 198; baseline -0.001 -11"><span class='ocrx_word' id='word_1_8' title='bbox 484 144 527 186; x_wconf 79' lang='lat' dir='ltr'>R</span> <span class='ocrx_word' id='word_1_9' title='bbox 544 143 580 187; x_wconf 92' lang='lat' dir='ltr'>U</span> <span class='ocrx_word' id='word_1_10' title='bbox 600 144 638 186; x_wconf 95' lang='grc' dir='ltr'>Ο</span> <span class='ocrx_word' id='word_1_11' title='bbox 656 142 696 186; x_wconf 92' lang='lat' dir='ltr'>D</span> <span class='ocrx_word' id='word_1_12' title='bbox 714 141 838 185; x_wconf 62' lang='lat' dir='ltr'>121ss</span> <span class='ocrx_word' id='word_1_13' title='bbox 858 141 893 184; x_wconf 89' lang='lat' dir='ltr'>B</span> <span class='ocrx_word' id='word_1_14' title='bbox 952 141 1105 198; x_wconf 79' lang='lat' dir='ltr'>fragm.</span> <span class='ocrx_word' id='word_1_15' title='bbox 1138 142 1270 186; x_wconf 85' lang='lat' dir='ltr'>XVII.</span> 
     </span>
    </p>
   </div>
   <div class='ocr_carea' id='block_1_8' title="bbox 832 328 967 371">
    <p class='ocr_par' dir='ltr' id='par_1_8' title="bbox 832 328 967 371">
     <span class='ocr_line' id='line_1_8' title="bbox 832 328 967 371; baseline 0 -1"><span class='ocrx_word' id='word_1_16' title='bbox 832 328 967 371; x_wconf 80' lang='lat' dir='ltr'>xvn.</span> 
     </span>
    </p>
   </div>
   <div class='ocr_carea' id='block_1_9' title="bbox 320 426 1564 2739">
    <p class='ocr_par' dir='ltr' id='par_1_9' title="bbox 325 426 1484 569">
     <span class='ocr_line' id='line_1_9' title="bbox 339 426 1484 495; baseline 0 -13"><span class='ocrx_word' id='word_1_17' title='bbox 339 426 545 482; x_wconf 80' lang='lat' dir='ltr'>Exiliens</span> <span class='ocrx_word' id='word_1_18' title='bbox 574 449 611 481; x_wconf 84' lang='lat' dir='ltr'>et</span> <span class='ocrx_word' id='word_1_19' title='bbox 642 442 757 482; x_wconf 83' lang='lat' dir='ltr'>abire</span> <span class='ocrx_word' id='word_1_20' title='bbox 786 443 931 483; x_wconf 85' lang='lat' dir='ltr'>volens</span> <span class='ocrx_word' id='word_1_21' title='bbox 961 441 1050 481; x_wconf 81' lang='lat' dir='ltr'>salit</span> <span class='ocrx_word' id='word_1_22' title='bbox 1082 440 1264 495; x_wconf 86' lang='lat' dir='ltr'>undique</span> <span class='ocrx_word' id='word_1_23' title='bbox 1293 443 1484 492; x_wconf 88' lang='lat' dir='ltr'>clamans,</span> 
     </span>
     <span class='ocr_line' id='line_1_10' title="bbox 325 516 1414 569; baseline -0.004 -10"><span class='ocrx_word' id='word_1_24' title='bbox 325 521 440 559; x_wconf 86' lang='lat' dir='ltr'>Dum</span> <span class='ocrx_word' id='word_1_25' title='bbox 469 519 600 559; x_wconf 86' lang='lat' dir='ltr'>lassus</span> <span class='ocrx_word' id='word_1_26' title='bbox 630 516 797 565; x_wconf 89' lang='lat' dir='ltr'>cecidit</span> <span class='ocrx_word' id='word_1_27' title='bbox 828 518 900 556; x_wconf 84' lang='lat' dir='ltr'>vix</span> <span class='ocrx_word' id='word_1_28' title='bbox 929 517 1220 569; x_wconf 86' lang='lat' dir='ltr'>spiramenque</span> <span class='ocrx_word' id='word_1_29' title='bbox 1247 518 1414 569; x_wconf 74' lang='lat' dir='ltr'>iecepit.</span> 
     </span>
    </p>

    <p class='ocr_par' dir='ltr' id='par_1_10' title="bbox 323 588 1510 859">
     <span class='ocr_line' id='line_1_11' title="bbox 326 588 1510 643; baseline -0.003 -11"><span class='ocrx_word' id='word_1_30' title='bbox 326 591 406 632; x_wconf 86' lang='lat' dir='ltr'>Cui</span> <span class='ocrx_word' id='word_1_31' title='bbox 439 592 557 643; x_wconf 84' lang='lat' dir='ltr'>vigor</span> <span class='ocrx_word' id='word_1_32' title='bbox 587 599 631 630; x_wconf 85' lang='lat' dir='ltr'>ut</span> <span class='ocrx_word' id='word_1_33' title='bbox 659 589 805 639; x_wconf 85' lang='lat' dir='ltr'>rediit,</span> <span class='ocrx_word' id='word_1_34' title='bbox 835 589 885 630; x_wconf 86' lang='lat' dir='ltr'>ad</span> <span class='ocrx_word' id='word_1_35' title='bbox 918 588 1093 629; x_wconf 66' lang='lat' dir='ltr'>Rodlieb</span> <span class='ocrx_word' id='word_1_36' title='bbox 1124 590 1351 629; x_wconf 85' lang='lat' dir='ltr'>humillime</span> <span class='ocrx_word' id='word_1_37' title='bbox 1384 589 1510 630; x_wconf 83' lang='lat' dir='ltr'>dixit:</span> 
     </span>
     <span class='ocr_line' id='line_1_12' title="bbox 326 647 1508 715; baseline -0.003 -9"><span class='ocrx_word' id='word_1_38' title='bbox 326 666 466 706; x_wconf 81' lang='lat' dir='ltr'>‘Parce</span> <span class='ocrx_word' id='word_1_39' title='bbox 497 664 600 703; x_wconf 83' lang='lat' dir='ltr'>mihi</span> <span class='ocrx_word' id='word_1_40' title='bbox 627 664 806 711; x_wconf 85' lang='lat' dir='ltr'>misero,</span> <span class='ocrx_word' id='word_1_41' title='bbox 846 663 930 702; x_wconf 88' lang='lat' dir='ltr'>scio</span> <span class='ocrx_word' id='word_1_42' title='bbox 962 647 1076 715; x_wconf 86' lang='lat' dir='ltr'>quod</span> <span class='ocrx_word' id='word_1_43' title='bbox 1107 671 1267 714; x_wconf 84' lang='lat' dir='ltr'>gratum</span> <span class='ocrx_word' id='word_1_44' title='bbox 1297 664 1372 702; x_wconf 85' lang='lat' dir='ltr'>tibi</span> <span class='ocrx_word' id='word_1_45' title='bbox 1403 662 1508 703; x_wconf 87' lang='lat' dir='ltr'>dico.</span> 
     </span>
     <span class='ocr_line' id='line_1_13' title="bbox 327 732 1454 786; baseline -0.003 -11"><span class='ocrx_word' id='word_1_46' title='bbox 327 735 372 775; x_wconf 88' lang='lat' dir='ltr'>Si</span> <span class='ocrx_word' id='word_1_47' title='bbox 404 749 468 775; x_wconf 86' lang='lat' dir='ltr'>me</span> <span class='ocrx_word' id='word_1_48' title='bbox 500 748 584 775; x_wconf 88' lang='lat' dir='ltr'>non</span> <span class='ocrx_word' id='word_1_49' title='bbox 616 733 813 773; x_wconf 79' lang='lat' dir='ltr'>occideiis</span> <span class='ocrx_word' id='word_1_50' title='bbox 846 742 970 786; x_wconf 86' lang='lat' dir='ltr'>atque</span> <span class='ocrx_word' id='word_1_51' title='bbox 1001 747 1146 773; x_wconf 85' lang='lat' dir='ltr'>manus</span> <span class='ocrx_word' id='word_1_52' title='bbox 1178 732 1280 772; x_wconf 84' lang='lat' dir='ltr'>mihi</span> <span class='ocrx_word' id='word_1_53' title='bbox 1307 735 1454 782; x_wconf 82' lang='lat' dir='ltr'>solves,</span> 
     </span>
     <span class='ocr_line' id='line_1_14' title="bbox 323 805 1442 859; baseline -0.002 -13"><span class='ocrx_word' id='word_1_54' title='bbox 323 807 516 846; x_wconf 78' lang='lat' dir='ltr'>Monstro</span> <span class='ocrx_word' id='word_1_55' title='bbox 548 805 624 845; x_wconf 84' lang='lat' dir='ltr'>tibi</span> <span class='ocrx_word' id='word_1_56' title='bbox 656 820 823 845; x_wconf 87' lang='lat' dir='ltr'>censum</span> <span class='ocrx_word' id='word_1_57' title='bbox 854 806 1051 846; x_wconf 87' lang='lat' dir='ltr'>binorum</span> <span class='ocrx_word' id='word_1_58' title='bbox 1079 805 1257 859; x_wconf 86' lang='lat' dir='ltr'>denique</span> <span class='ocrx_word' id='word_1_59' title='bbox 1288 820 1442 857; x_wconf 79' lang='lat' dir='ltr'>regum,</span> 
     </span>
    </p>

    <p class='ocr_par' dir='ltr' id='par_1_11' title="bbox 324 879 1297 932">
     <span class='ocr_line' id='line_1_15' title="bbox 324 879 1297 932; baseline 0 -14"><span class='ocrx_word' id='word_1_60' title='bbox 324 879 375 918; x_wconf 81' lang='lat' dir='ltr'>Et</span> <span class='ocrx_word' id='word_1_61' title='bbox 405 879 532 932; x_wconf 83' lang='lat' dir='ltr'>patris</span> <span class='ocrx_word' id='word_1_62' title='bbox 563 887 603 918; x_wconf 88' lang='lat' dir='ltr'>et</span> <span class='ocrx_word' id='word_1_63' title='bbox 633 880 746 928; x_wconf 85' lang='lat' dir='ltr'>nati,</span> <span class='ocrx_word' id='word_1_64' title='bbox 778 879 849 932; x_wconf 89' lang='lat' dir='ltr'>qui</span> <span class='ocrx_word' id='word_1_65' title='bbox 882 886 1016 918; x_wconf 89' lang='lat' dir='ltr'>tecum</span> <span class='ocrx_word' id='word_1_66' title='bbox 1044 880 1297 931; x_wconf 77' lang='lat' dir='ltr'>praeliaturi.</span> 
     </span>
    </p>

    <p class='ocr_par' dir='ltr' id='par_1_12' title="bbox 324 950 1564 1076">
     <span class='ocr_line' id='line_1_16' title="bbox 324 950 1564 1002; baseline 0 -11"><span class='ocrx_word' id='word_1_67' title='bbox 324 951 488 991; x_wconf 89' lang='lat' dir='ltr'>Nomen</span> <span class='ocrx_word' id='word_1_68' title='bbox 521 952 646 990; x_wconf 82' lang='lat' dir='ltr'>habet</span> <span class='ocrx_word' id='word_1_69' title='bbox 665 950 824 1002; x_wconf 84' lang='lat' dir='ltr'>genitor</span> <span class='ocrx_word' id='word_1_70' title='bbox 851 950 1090 1000; x_wconf 82' lang='lat' dir='ltr'>Immunch,</span> <span class='ocrx_word' id='word_1_71' title='bbox 1120 951 1190 991; x_wconf 88' lang='lat' dir='ltr'>sed</span> <span class='ocrx_word' id='word_1_72' title='bbox 1211 951 1318 991; x_wconf 88' lang='lat' dir='ltr'>filius</span> <span class='ocrx_word' id='word_1_73' title='bbox 1336 953 1564 992; x_wconf 83' lang='lat' dir='ltr'>Hartunch.</span> 
     </span>
     <span class='ocr_line' id='line_1_17' title="bbox 325 1024 1377 1076; baseline 0.001 -12"><span class='ocrx_word' id='word_1_74' title='bbox 325 1026 360 1064; x_wconf 93' lang='lat' dir='ltr'><strong>A</strong></span> <span class='ocrx_word' id='word_1_75' title='bbox 391 1034 428 1064; x_wconf 87' lang='lat' dir='ltr'>te</span> <span class='ocrx_word' id='word_1_76' title='bbox 458 1025 678 1065; x_wconf 78' lang='lat' dir='ltr'>vincentur</span> <span class='ocrx_word' id='word_1_77' title='bbox 708 1031 747 1062; x_wconf 86' lang='lat' dir='ltr'>et</span> <span class='ocrx_word' id='word_1_78' title='bbox 777 1024 897 1063; x_wconf 82' lang='lat' dir='ltr'>ambo</span> <span class='ocrx_word' id='word_1_79' title='bbox 936 1038 1010 1075; x_wconf 87' lang='lat' dir='ltr'>per</span> <span class='ocrx_word' id='word_1_80' title='bbox 1042 1032 1077 1063; x_wconf 89' lang='lat' dir='ltr'>te</span> <span class='ocrx_word' id='word_1_81' title='bbox 1106 1025 1377 1076; x_wconf 72' lang='lat' dir='ltr'>perimentur.</span> 
     </span>
    </p>

    <p class='ocr_par' dir='ltr' id='par_1_13' title="bbox 326 1094 1319 1149">
     <span class='ocr_line' id='line_1_18' title="bbox 326 1094 1319 1149; baseline 0 -13"><span class='ocrx_word' id='word_1_82' title='bbox 326 1097 431 1137; x_wconf 82' lang='lat' dir='ltr'>Filia</span> <span class='ocrx_word' id='word_1_83' title='bbox 460 1094 530 1136; x_wconf 85' lang='lat' dir='ltr'>sed</span> <span class='ocrx_word' id='word_1_84' title='bbox 561 1098 667 1147; x_wconf 82' lang='lat' dir='ltr'>regis</span> <span class='ocrx_word' id='word_1_85' title='bbox 695 1096 840 1134; x_wconf 82' lang='lat' dir='ltr'><strong>haeres</strong></span> <span class='ocrx_word' id='word_1_86' title='bbox 872 1103 968 1134; x_wconf 83' lang='lat' dir='ltr'>tunc</span> <span class='ocrx_word' id='word_1_87' title='bbox 998 1096 1086 1135; x_wconf 81' lang='lat' dir='ltr'>sola</span> <span class='ocrx_word' id='word_1_88' title='bbox 1113 1106 1319 1149; x_wconf 86' lang='lat' dir='ltr'>superstes</span> 
     </span>
    </p>

    <p class='ocr_par' dir='ltr' id='par_1_14' title="bbox 322 1168 1347 1220">
     <span class='ocr_line' id='line_1_19' title="bbox 322 1168 1347 1220; baseline 0 -12"><span class='ocrx_word' id='word_1_89' title='bbox 322 1168 454 1219; x_wconf 83' lang='lat' dir='ltr'>Regni</span> <span class='ocrx_word' id='word_1_90' title='bbox 489 1168 612 1207; x_wconf 83' lang='lat' dir='ltr'>totius</span> <span class='ocrx_word' id='word_1_91' title='bbox 642 1168 877 1219; x_wconf 78' lang='lat' dir='ltr'>Heriburg‚</span> <span class='ocrx_word' id='word_1_92' title='bbox 909 1168 1187 1220; x_wconf 75' lang='lat' dir='ltr'>pulchenima</span> <span class='ocrx_word' id='word_1_93' title='bbox 1217 1169 1347 1220; x_wconf 84' lang='lat' dir='ltr'>virgo,</span> 
     </span>
    </p>

    <p class='ocr_par' dir='ltr' id='par_1_15' title="bbox 323 1240 1508 1427">
     <span class='ocr_line' id='line_1_20' title="bbox 324 1240 1508 1292; baseline -0.001 -12"><span class='ocrx_word' id='word_1_94' title='bbox 324 1241 398 1280; x_wconf 87' lang='lat' dir='ltr'>Est</span> <span class='ocrx_word' id='word_1_95' title='bbox 426 1242 501 1280; x_wconf 74' lang='lat' dir='ltr'>tibi</span> <span class='ocrx_word' id='word_1_96' title='bbox 533 1240 754 1291; x_wconf 81' lang='lat' dir='ltr'>lucranda,</span> <span class='ocrx_word' id='word_1_97' title='bbox 785 1240 857 1280; x_wconf 89' lang='lat' dir='ltr'>sed</span> <span class='ocrx_word' id='word_1_98' title='bbox 883 1255 967 1281; x_wconf 87' lang='lat' dir='ltr'>non</span> <span class='ocrx_word' id='word_1_99' title='bbox 1000 1243 1088 1280; x_wconf 87' lang='lat' dir='ltr'>sine</span> <span class='ocrx_word' id='word_1_100' title='bbox 1118 1242 1316 1292; x_wconf 81' lang='lat' dir='ltr'>sanguine</span> <span class='ocrx_word' id='word_1_101' title='bbox 1347 1254 1508 1292; x_wconf 81' lang='lat' dir='ltr'>magno,</span> 
     </span>
     <span class='ocr_line' id='line_1_21' title="bbox 323 1312 1507 1367; baseline -0.001 -14"><span class='ocrx_word' id='word_1_102' title='bbox 323 1313 380 1353; x_wconf 80' lang='lat' dir='ltr'>Ni</span> <span class='ocrx_word' id='word_1_103' title='bbox 411 1312 525 1366; x_wconf 87' lang='lat' dir='ltr'>quod</span> <span class='ocrx_word' id='word_1_104' title='bbox 555 1313 772 1364; x_wconf 78' lang='lat' dir='ltr'>consiliar,</span> <span class='ocrx_word' id='word_1_105' title='bbox 810 1314 956 1363; x_wconf 82' lang='lat' dir='ltr'>facias,</span> <span class='ocrx_word' id='word_1_106' title='bbox 991 1328 1064 1365; x_wconf 81' lang='lat' dir='ltr'>ego</span> <span class='ocrx_word' id='word_1_107' title='bbox 1099 1312 1266 1367; x_wconf 87' lang='lat' dir='ltr'>quando</span> <span class='ocrx_word' id='word_1_108' title='bbox 1296 1312 1507 1352; x_wconf 63' lang='lat' dir='ltr'>resolvar?</span> 
     </span>
     <span class='ocr_line' id='line_1_22' title="bbox 324 1384 1399 1427; baseline -0.001 -2"><span class='ocrx_word' id='word_1_109' title='bbox 324 1384 501 1426; x_wconf 68' lang='lat' dir='ltr'>Rbdlieb</span> <span class='ocrx_word' id='word_1_110' title='bbox 533 1387 588 1426; x_wconf 81' lang='lat' dir='ltr'>ait</span> <span class='ocrx_word' id='word_1_111' title='bbox 620 1399 758 1427; x_wconf 85' lang='lat' dir='ltr'>nano:</span> <span class='ocrx_word' id='word_1_112' title='bbox 793 1388 890 1427; x_wconf 81' lang='lat' dir='ltr'>‘non</span> <span class='ocrx_word' id='word_1_113' title='bbox 918 1384 1166 1426; x_wconf 88' lang='lat' dir='ltr'>occidendus</span> <span class='ocrx_word' id='word_1_114' title='bbox 1196 1399 1238 1426; x_wconf 90' lang='lat' dir='ltr'>es</span> <span class='ocrx_word' id='word_1_115' title='bbox 1269 1400 1292 1424; x_wconf 84' lang='lat' dir='ltr'>a</span> <span class='ocrx_word' id='word_1_116' title='bbox 1321 1399 1399 1425; x_wconf 85' lang='lat' dir='ltr'>me.</span> 
     </span>
    </p>

    <p class='ocr_par' dir='ltr' id='par_1_16' title="bbox 323 1459 1380 1512">
     <span class='ocr_line' id='line_1_23' title="bbox 323 1459 1380 1512; baseline 0 -13"><span class='ocrx_word' id='word_1_117' title='bbox 323 1460 382 1499; x_wconf 90' lang='lat' dir='ltr'>Te</span> <span class='ocrx_word' id='word_1_118' title='bbox 414 1461 493 1499; x_wconf 79' lang='lat' dir='ltr'>cito</span> <span class='ocrx_word' id='word_1_119' title='bbox 524 1461 761 1508; x_wconf 87' lang='lat' dir='ltr'>solvissem,</span> <span class='ocrx_word' id='word_1_120' title='bbox 791 1460 866 1503; x_wconf 77' lang='lat' dir='ltr'>tibi</span> <span class='ocrx_word' id='word_1_121' title='bbox 902 1460 936 1499; x_wconf 89' lang='lat' dir='ltr'>si</span> <span class='ocrx_word' id='word_1_122' title='bbox 967 1459 1173 1500; x_wconf 90' lang='lat' dir='ltr'>confidere</span> <span class='ocrx_word' id='word_1_123' title='bbox 1204 1474 1380 1512; x_wconf 84' lang='lat' dir='ltr'>possem.</span> 
     </span>
    </p>

    <p class='ocr_par' dir='ltr' id='par_1_17' title="bbox 322 1531 1284 1580">
     <span class='ocr_line' id='line_1_24' title="bbox 322 1531 1284 1580; baseline -0.001 -9"><span class='ocrx_word' id='word_1_124' title='bbox 322 1531 367 1571; x_wconf 86' lang='lat' dir='ltr'>Si</span> <span class='ocrx_word' id='word_1_125' title='bbox 397 1546 461 1572; x_wconf 85' lang='lat' dir='ltr'>me</span> <span class='ocrx_word' id='word_1_126' title='bbox 493 1546 576 1572; x_wconf 88' lang='lat' dir='ltr'>non</span> <span class='ocrx_word' id='word_1_127' title='bbox 610 1533 739 1580; x_wconf 77' lang='lat' dir='ltr'>fallis,</span> <span class='ocrx_word' id='word_1_128' title='bbox 771 1546 794 1570; x_wconf 83' lang='lat' dir='ltr'>a</span> <span class='ocrx_word' id='word_1_129' title='bbox 823 1545 887 1570; x_wconf 88' lang='lat' dir='ltr'>me</span> <span class='ocrx_word' id='word_1_130' title='bbox 912 1546 1036 1571; x_wconf 87' lang='lat' dir='ltr'>sanus</span> <span class='ocrx_word' id='word_1_131' title='bbox 1071 1533 1284 1571; x_wconf 79' lang='lat' dir='ltr'>remeabis.</span> 
     </span>
    </p>

    <p class='ocr_par' dir='ltr' id='par_1_18' title="bbox 323 1600 1563 1798">
     <span class='ocr_line' id='line_1_25' title="bbox 326 1600 1537 1655; baseline 0 -13"><span class='ocrx_word' id='word_1_132' title='bbox 326 1601 506 1651; x_wconf 84' lang='lat' dir='ltr'>Quando</span> <span class='ocrx_word' id='word_1_133' title='bbox 539 1611 685 1655; x_wconf 82' lang='lat' dir='ltr'>potens</span> <span class='ocrx_word' id='word_1_134' title='bbox 719 1603 846 1641; x_wconf 79' lang='lat' dir='ltr'>fueris</span> <span class='ocrx_word' id='word_1_135' title='bbox 874 1602 1029 1652; x_wconf 76' lang='lat' dir='ltr'>tuimet,</span> <span class='ocrx_word' id='word_1_136' title='bbox 1061 1604 1118 1642; x_wconf 89' lang='lat' dir='ltr'>nil</span> <span class='ocrx_word' id='word_1_137' title='bbox 1151 1612 1240 1655; x_wconf 80' lang='lat' dir='ltr'>post</span> <span class='ocrx_word' id='word_1_138' title='bbox 1271 1603 1371 1641; x_wconf 82' lang='lat' dir='ltr'>mihi</span> <span class='ocrx_word' id='word_1_139' title='bbox 1402 1600 1537 1643; x_wconf 85' lang='lat' dir='ltr'>dices.’</span> 
     </span>
     <span class='ocr_line' id='line_1_26' title="bbox 326 1675 1563 1727; baseline 0 -14"><span class='ocrx_word' id='word_1_140' title='bbox 326 1675 482 1724; x_wconf 82' lang='lat' dir='ltr'>‘Absit‚</span> <span class='ocrx_word' id='word_1_141' title='bbox 513 1683 558 1714; x_wconf 86' lang='lat' dir='ltr'>ut</span> <span class='ocrx_word' id='word_1_142' title='bbox 589 1676 696 1714; x_wconf 84' lang='lat' dir='ltr'>inter</span> <span class='ocrx_word' id='word_1_143' title='bbox 723 1687 799 1713; x_wconf 87' lang='lat' dir='ltr'>nos</span> <span class='ocrx_word' id='word_1_144' title='bbox 830 1688 1023 1727; x_wconf 87' lang='lat' dir='ltr'>umquam</span> <span class='ocrx_word' id='word_1_145' title='bbox 1055 1675 1287 1725; x_wconf 80' lang='lat' dir='ltr'>regnaverit</span> <span class='ocrx_word' id='word_1_146' title='bbox 1309 1675 1408 1713; x_wconf 86' lang='lat' dir='ltr'>haec</span> <span class='ocrx_word' id='word_1_147' title='bbox 1427 1675 1563 1724; x_wconf 83' lang='lat' dir='ltr'>fraus;</span> 
     </span>
     <span class='ocr_line' id='line_1_27' title="bbox 323 1745 1386 1798; baseline -0.001 -13"><span class='ocrx_word' id='word_1_148' title='bbox 323 1745 420 1786; x_wconf 88' lang='lat' dir='ltr'>Non</span> <span class='ocrx_word' id='word_1_149' title='bbox 450 1754 534 1785; x_wconf 81' lang='lat' dir='ltr'>tam</span> <span class='ocrx_word' id='word_1_150' title='bbox 562 1746 751 1796; x_wconf 83' lang='lat' dir='ltr'>longaevi</span> <span class='ocrx_word' id='word_1_151' title='bbox 780 1753 877 1784; x_wconf 84' lang='lat' dir='ltr'>tunc</span> <span class='ocrx_word' id='word_1_152' title='bbox 906 1755 1085 1784; x_wconf 83' lang='lat' dir='ltr'>essemus</span> <span class='ocrx_word' id='word_1_153' title='bbox 1118 1759 1253 1798; x_wconf 82' lang='lat' dir='ltr'>neque</span> <span class='ocrx_word' id='word_1_154' title='bbox 1282 1745 1386 1785; x_wconf 83' lang='lat' dir='ltr'>sani.</span> 
     </span>
    </p>

    <p class='ocr_par' dir='ltr' id='par_1_19' title="bbox 323 1814 1382 1868">
     <span class='ocr_line' id='line_1_28' title="bbox 323 1814 1382 1868; baseline -0.001 -12"><span class='ocrx_word' id='word_1_155' title='bbox 323 1818 437 1856; x_wconf 86' lang='lat' dir='ltr'>Inter</span> <span class='ocrx_word' id='word_1_156' title='bbox 465 1830 539 1856; x_wconf 87' lang='lat' dir='ltr'>vos</span> <span class='ocrx_word' id='word_1_157' title='bbox 572 1829 692 1856; x_wconf 91' lang='lat' dir='ltr'>nemo</span> <span class='ocrx_word' id='word_1_158' title='bbox 723 1817 930 1868; x_wconf 81' lang='lat' dir='ltr'>loquitur,</span> <span class='ocrx_word' id='word_1_159' title='bbox 962 1816 1040 1855; x_wconf 85' lang='lat' dir='ltr'>nisi</span> <span class='ocrx_word' id='word_1_160' title='bbox 1071 1815 1192 1856; x_wconf 86' lang='lat' dir='ltr'>corde</span> <span class='ocrx_word' id='word_1_161' title='bbox 1224 1814 1382 1855; x_wconf 84' lang='lat' dir='ltr'>doloso.</span> 
     </span>
    </p>

    <p class='ocr_par' dir='ltr' id='par_1_20' title="bbox 320 1888 1361 1940">
     <span class='ocr_line' id='line_1_29' title="bbox 320 1888 1361 1940; baseline 0 -12"><span class='ocrx_word' id='word_1_162' title='bbox 320 1890 428 1929; x_wconf 86' lang='lat' dir='ltr'>Hinc</span> <span class='ocrx_word' id='word_1_163' title='bbox 464 1903 539 1930; x_wconf 89' lang='lat' dir='ltr'>nec</span> <span class='ocrx_word' id='word_1_164' title='bbox 569 1889 620 1929; x_wconf 81' lang='lat' dir='ltr'>ad</span> <span class='ocrx_word' id='word_1_165' title='bbox 651 1897 823 1929; x_wconf 80' lang='lat' dir='ltr'>aetatem</span> <span class='ocrx_word' id='word_1_166' title='bbox 856 1897 1059 1928; x_wconf 82' lang='lat' dir='ltr'>maturam</span> <span class='ocrx_word' id='word_1_167' title='bbox 1092 1888 1361 1940; x_wconf 80' lang='lat' dir='ltr'>pervenietis:</span> 
     </span>
    </p>

    <p class='ocr_par' dir='ltr' id='par_1_21' title="bbox 321 1961 1356 2015">
     <span class='ocr_line' id='line_1_30' title="bbox 321 1961 1356 2015; baseline -0.002 -14"><span class='ocrx_word' id='word_1_168' title='bbox 321 1963 405 2002; x_wconf 86' lang='lat' dir='ltr'>Pro</span> <span class='ocrx_word' id='word_1_169' title='bbox 437 1966 634 2015; x_wconf 85' lang='lat' dir='ltr'>cujusque</span> <span class='ocrx_word' id='word_1_170' title='bbox 663 1961 742 2001; x_wconf 90' lang='lat' dir='ltr'>fide</span> <span class='ocrx_word' id='word_1_171' title='bbox 773 1969 869 2001; x_wconf 88' lang='lat' dir='ltr'>sunt</span> <span class='ocrx_word' id='word_1_172' title='bbox 899 1964 985 2009; x_wconf 86' lang='lat' dir='ltr'>ejus</span> <span class='ocrx_word' id='word_1_173' title='bbox 1018 1969 1203 2013; x_wconf 82' lang='lat' dir='ltr'>tempora</span> <span class='ocrx_word' id='word_1_174' title='bbox 1235 1961 1356 2001; x_wconf 82' lang='lat' dir='ltr'>vitae.</span> 
     </span>
    </p>

    <p class='ocr_par' dir='ltr' id='par_1_22' title="bbox 320 2033 1560 2739">
     <span class='ocr_line' id='line_1_31' title="bbox 321 2033 1451 2088; baseline -0.002 -13"><span class='ocrx_word' id='word_1_175' title='bbox 321 2034 418 2075; x_wconf 89' lang='lat' dir='ltr'>Non</span> <span class='ocrx_word' id='word_1_176' title='bbox 447 2034 564 2074; x_wconf 81' lang='lat' dir='ltr'>aliter</span> <span class='ocrx_word' id='word_1_177' title='bbox 592 2035 827 2088; x_wconf 88' lang='lat' dir='ltr'>loquimur,</span> <span class='ocrx_word' id='word_1_178' title='bbox 859 2033 938 2073; x_wconf 89' lang='lat' dir='ltr'>nisi</span> <span class='ocrx_word' id='word_1_179' title='bbox 967 2034 1071 2074; x_wconf 83' lang='lat' dir='ltr'>sicut</span> <span class='ocrx_word' id='word_1_180' title='bbox 1097 2033 1219 2074; x_wconf 87' lang='lat' dir='ltr'>corde</span> <span class='ocrx_word' id='word_1_181' title='bbox 1249 2042 1451 2082; x_wconf 86' lang='lat' dir='ltr'>tenemus,</span> 
     </span>
     <span class='ocr_line' id='line_1_32' title="bbox 321 2106 1432 2159; baseline 0 -12"><span class='ocrx_word' id='word_1_182' title='bbox 321 2106 438 2147; x_wconf 90' lang='lat' dir='ltr'>Neve</span> <span class='ocrx_word' id='word_1_183' title='bbox 471 2108 583 2147; x_wconf 84' lang='lat' dir='ltr'>cibos</span> <span class='ocrx_word' id='word_1_184' title='bbox 617 2108 754 2149; x_wconf 83' lang='lat' dir='ltr'>varios</span> <span class='ocrx_word' id='word_1_185' title='bbox 786 2106 944 2146; x_wconf 88' lang='lat' dir='ltr'>edimus</span> <span class='ocrx_word' id='word_1_186' title='bbox 975 2108 1145 2147; x_wconf 86' lang='lat' dir='ltr'>morbos</span> <span class='ocrx_word' id='word_1_187' title='bbox 1176 2115 1432 2159; x_wconf 83' lang='lat' dir='ltr'>generantes,</span> 
     </span>
     <span class='ocr_line' id='line_1_33' title="bbox 323 2179 1460 2231; baseline -0.001 -12"><span class='ocrx_word' id='word_1_188' title='bbox 323 2179 507 2231; x_wconf 78' lang='lat' dir='ltr'>Longius</span> <span class='ocrx_word' id='word_1_189' title='bbox 536 2180 762 2220; x_wconf 85' lang='lat' dir='ltr'>incolumes</span> <span class='ocrx_word' id='word_1_190' title='bbox 793 2180 888 2219; x_wconf 87' lang='lat' dir='ltr'>hinc</span> <span class='ocrx_word' id='word_1_191' title='bbox 920 2193 996 2219; x_wconf 84' lang='lat' dir='ltr'>nos</span> <span class='ocrx_word' id='word_1_192' title='bbox 1028 2179 1268 2220; x_wconf 81' lang='lat' dir='ltr'>durabimus</span> <span class='ocrx_word' id='word_1_193' title='bbox 1298 2194 1344 2219; x_wconf 84' lang='lat' dir='ltr'>ac</span> <span class='ocrx_word' id='word_1_194' title='bbox 1373 2192 1460 2219; x_wconf 84' lang='lat' dir='ltr'>vos.</span> 
     </span>
     <span class='ocr_line' id='line_1_34' title="bbox 320 2248 1560 2304; baseline 0.002 -14"><span class='ocrx_word' id='word_1_195' title='bbox 320 2250 417 2290; x_wconf 87' lang='lat' dir='ltr'>Non</span> <span class='ocrx_word' id='word_1_196' title='bbox 452 2250 553 2290; x_wconf 83' lang='lat' dir='ltr'>mihi</span> <span class='ocrx_word' id='word_1_197' title='bbox 584 2250 770 2301; x_wconf 81' lang='lat' dir='ltr'>diffidas,</span> <span class='ocrx_word' id='word_1_198' title='bbox 798 2251 969 2302; x_wconf 80' lang='lat' dir='ltr'>faciam,</span> <span class='ocrx_word' id='word_1_199' title='bbox 1002 2249 1102 2291; x_wconf 88' lang='lat' dir='ltr'>mihi</span> <span class='ocrx_word' id='word_1_200' title='bbox 1133 2251 1245 2304; x_wconf 87' lang='lat' dir='ltr'>quod</span> <span class='ocrx_word' id='word_1_201' title='bbox 1276 2254 1380 2291; x_wconf 89' lang='lat' dir='ltr'>bene</span> <span class='ocrx_word' id='word_1_202' title='bbox 1408 2248 1560 2292; x_wconf 83' lang='lat' dir='ltr'>credas.</span> 
     </span>
     <span class='ocr_line' id='line_1_35' title="bbox 322 2321 1467 2374; baseline 0 -13"><span class='ocrx_word' id='word_1_203' title='bbox 322 2321 367 2362; x_wconf 87' lang='lat' dir='ltr'>Si</span> <span class='ocrx_word' id='word_1_204' title='bbox 396 2323 496 2362; x_wconf 86' lang='lat' dir='ltr'>mihi</span> <span class='ocrx_word' id='word_1_205' title='bbox 528 2322 714 2374; x_wconf 79' lang='lat' dir='ltr'>diffidas,</span> <span class='ocrx_word' id='word_1_206' title='bbox 749 2338 838 2363; x_wconf 84' lang='lat' dir='ltr'>mea</span> <span class='ocrx_word' id='word_1_207' title='bbox 868 2327 1050 2373; x_wconf 80' lang='lat' dir='ltr'>conjunx</span> <span class='ocrx_word' id='word_1_208' title='bbox 1079 2325 1131 2363; x_wconf 88' lang='lat' dir='ltr'>sit</span> <span class='ocrx_word' id='word_1_209' title='bbox 1160 2333 1294 2363; x_wconf 80' lang='lat' dir='ltr'>tamen</span> <span class='ocrx_word' id='word_1_210' title='bbox 1321 2323 1467 2363; x_wconf 87' lang='lat' dir='ltr'>obses.’</span> 
     </span>
     <span class='ocr_line' id='line_1_36' title="bbox 321 2395 1511 2450; baseline 0.001 -17"><span class='ocrx_word' id='word_1_211' title='bbox 321 2395 438 2435; x_wconf 87' lang='lat' dir='ltr'>Hanc</span> <span class='ocrx_word' id='word_1_212' title='bbox 473 2404 591 2436; x_wconf 88' lang='lat' dir='ltr'>vocat</span> <span class='ocrx_word' id='word_1_213' title='bbox 621 2411 673 2436; x_wconf 82' lang='lat' dir='ltr'>ex</span> <span class='ocrx_word' id='word_1_214' title='bbox 704 2405 848 2446; x_wconf 83' lang='lat' dir='ltr'>antro,</span> <span class='ocrx_word' id='word_1_215' title='bbox 880 2410 986 2450; x_wconf 88' lang='lat' dir='ltr'>qnae</span> <span class='ocrx_word' id='word_1_216' title='bbox 1014 2410 1114 2436; x_wconf 82' lang='lat' dir='ltr'>mox</span> <span class='ocrx_word' id='word_1_217' title='bbox 1143 2403 1397 2448; x_wconf 83' lang='lat' dir='ltr'>processerat</span> <span class='ocrx_word' id='word_1_218' title='bbox 1424 2395 1511 2434; x_wconf 91' lang='lat' dir='ltr'>illo.</span> 
     </span>
     <span class='ocr_line' id='line_1_37' title="bbox 320 2467 1559 2521; baseline 0.001 -16"><span class='ocrx_word' id='word_1_219' title='bbox 320 2467 475 2516; x_wconf 86' lang='lat' dir='ltr'>Parva,</span> <span class='ocrx_word' id='word_1_220' title='bbox 509 2467 630 2507; x_wconf 87' lang='lat' dir='ltr'>nimis</span> <span class='ocrx_word' id='word_1_221' title='bbox 650 2468 847 2521; x_wconf 78' lang='lat' dir='ltr'>pulchra,</span> <span class='ocrx_word' id='word_1_222' title='bbox 878 2467 946 2507; x_wconf 86' lang='lat' dir='ltr'>sed</span> <span class='ocrx_word' id='word_1_223' title='bbox 973 2475 1012 2506; x_wconf 89' lang='lat' dir='ltr'>et</span> <span class='ocrx_word' id='word_1_224' title='bbox 1038 2480 1140 2506; x_wconf 88' lang='lat' dir='ltr'>auro</span> <span class='ocrx_word' id='word_1_225' title='bbox 1166 2475 1358 2519; x_wconf 71' lang='lat' dir='ltr'>vesteque</span> <span class='ocrx_word' id='word_1_226' title='bbox 1383 2472 1559 2517; x_wconf 82' lang='lat' dir='ltr'>compta.</span> 
     </span>
     <span class='ocr_line' id='line_1_38' title="bbox 320 2538 1556 2594; baseline 0.002 -16"><span class='ocrx_word' id='word_1_227' title='bbox 320 2538 436 2587; x_wconf 82' lang='lat' dir='ltr'>Quae</span> <span class='ocrx_word' id='word_1_228' title='bbox 465 2541 551 2581; x_wconf 87' lang='lat' dir='ltr'>ruit</span> <span class='ocrx_word' id='word_1_229' title='bbox 581 2549 675 2581; x_wconf 84' lang='lat' dir='ltr'>ante</span> <span class='ocrx_word' id='word_1_230' title='bbox 707 2539 830 2594; x_wconf 88' lang='lat' dir='ltr'>pedes</span> <span class='ocrx_word' id='word_1_231' title='bbox 858 2539 1059 2588; x_wconf 68' lang='lat' dir='ltr'>Rdeieb,</span> <span class='ocrx_word' id='word_1_232' title='bbox 1100 2539 1310 2581; x_wconf 87' lang='lat' dir='ltr'>fundendo</span> <span class='ocrx_word' id='word_1_233' title='bbox 1345 2541 1556 2592; x_wconf 83' lang='lat' dir='ltr'>querelas:</span> 
     </span>
     <span class='ocr_line' id='line_1_39' title="bbox 321 2602 1485 2664; baseline -0.001 -12"><span class='ocrx_word' id='word_1_234' title='bbox 321 2609 500 2664; x_wconf 76' lang='lat' dir='ltr'>‘Optime</span> <span class='ocrx_word' id='word_1_235' title='bbox 531 2602 803 2663; x_wconf 44' lang='lat' dir='ltr'>cunctorum}</span> <span class='ocrx_word' id='word_1_236' title='bbox 834 2612 979 2653; x_wconf 57' lang='lat' dir='ltr'>winclis</span> <span class='ocrx_word' id='word_1_237' title='bbox 1011 2612 1111 2652; x_wconf 84' lang='lat' dir='ltr'>mihi</span> <span class='ocrx_word' id='word_1_238' title='bbox 1139 2614 1253 2652; x_wconf 82' lang='lat' dir='ltr'>solve</span> <span class='ocrx_word' id='word_1_239' title='bbox 1284 2614 1485 2661; x_wconf 83' lang='lat' dir='ltr'>maritum,</span> 
     </span>
     <span class='ocr_line' id='line_1_40' title="bbox 322 2684 1421 2739; baseline 0.003 -18"><span class='ocrx_word' id='word_1_240' title='bbox 322 2684 474 2737; x_wconf 83' lang='lat' dir='ltr'>Meque</span> <span class='ocrx_word' id='word_1_241' title='bbox 506 2694 597 2725; x_wconf 83' lang='lat' dir='ltr'>tene</span> <span class='ocrx_word' id='word_1_242' title='bbox 630 2701 706 2739; x_wconf 79' lang='lat' dir='ltr'>pro</span> <span class='ocrx_word' id='word_1_243' title='bbox 741 2700 806 2736; x_wconf 87' lang='lat' dir='ltr'>se,</span> <span class='ocrx_word' id='word_1_244' title='bbox 837 2685 966 2726; x_wconf 87' lang='lat' dir='ltr'>donec</span> <span class='ocrx_word' id='word_1_245' title='bbox 997 2686 1242 2738; x_wconf 82' lang='lat' dir='ltr'>persolverit</span> <span class='ocrx_word' id='word_1_246' title='bbox 1272 2686 1421 2724; x_wconf 87' lang='lat' dir='ltr'>omne.’</span> 
     </span>
    </p>
   </div>
  </div>
 </body>
</html>
