1721 2938
677 119 1025 164 ECBASIS.
1448 128 1533 170 243

245 442 468 484 ECssAsls
528 439 824 482 CUJUSDAM
874 440 1099 485 CAPTlVI
1166 446 1274 488 PER
1313 422 1467 491 ‘TRO-

664 511 960 554 POLOGIAM
989 512 1035 568 ⁴).

283 654 404 715 Cum
435 690 498 715 me
527 676 726 727 respicio,
766 682 1054 728 transactaque
1085 683 1273 728 tempora
1304 681 1440 732 volvo,

281 749 347 787 De
376 748 515 786 multis
540 748 691 797 miror,
734 748 903 800 puerilis
938 762 1043 800 quae
1074 750 1184 788 vehit
1216 765 1354 797 error3

278 819 349 859 Nil
380 820 558 871 cogitans
587 833 747 869 sanum,
794 829 1010 873 tempnens
1045 823 1251 861 consortia
1285 824 1473 878 fratrum,

279 892 485 932 Nectebar
512 893 667 942 neniis,
698 894 815 944 nugis
849 893 946 946 quia
978 901 1089 933 totus
1121 895 1161 932 in
1194 895 1287 935 illis.

169 973 192 1007 5
281 969 488 1020 Tempore
520 967 702 1007 discendi
732 969 853 1021 periit
889 972 1047 1009 cantela
1078 971 1271 1021 magistrI,

280 1040 417 1078 Horas
448 1038 629 1078 dictandi
659 1042 870 1093 superavit
906 1056 1004 1081 cura
1035 1041 1234 1093 vagandi3

276 1109 384 1150 Nam
415 1112 511 1164 quia
545 1112 600 1150 sic
629 1113 742 1161 vixi,
772 1112 939 1165 possedi
971 1128 1123 1153 nomen
1156 1114 1281 1162 aselli,

281 1181 407 1231 Cujus
439 1183 705 1223 raucisonum
741 1198 943 1237 quaerens
973 1185 1102 1223 vitare
1130 1182 1327 1232 ruditum,

280 1252 539 1307 Quamquam
583 1255 634 1294 sit
663 1269 824 1304 serum,
867 1255 1102 1295 meditabor
1133 1254 1320 1295 scindere
1350 1271 1525 1310 saccum,

170 1330 220 1364 10
279 1327 333 1366 Ut
361 1331 454 1378 juga
493 1329 673 1379 torporis
705 1330 861 1380 pellant
890 1328 1124 1367 rudimenta
1163 1329 1332 1378 laboris,

278 1397 485 1451 Incipiens
516 1413 683 1448 versus,
729 1414 832 1452 quos
863 1413 983 1439 rarus
1014 1399 1187 1451 denegat
1220 1415 1332 1441 usus.

276 1471 448 1510 Pellitur
480 1472 543 1510 his
573 1485 795 1523 sompnus,
826 1473 1013 1512 frenatur
1041 1481 1163 1525 potus
1198 1482 1235 1512 et
1268 1489 1372 1523 esus,

276 1542 407 1594 Saepe
441 1534 561 1595 caput·
590 1544 793 1591 scabitur,
825 1542 944 1582 vivus
977 1542 1220 1582 conroditur
1252 1547 1412 1596 unguis,

276 1613 486 1652 'funditur
517 1622 641 1666 atque
675 1614 790 1652 stilus
820 1613 964 1665 grandi
995 1613 1259 1655 meditamine
1290 1617 1465 1659 strictus.

167 1689 215 1724 15
274 1685 391 1723 Talia
425 1686 496 1737 qui
527 1694 684 1733 versat,
723 1684 945 1737 pigritandi
973 1688 1065 1735 jura
1095 1695 1269 1736 recusat,

274 1757 353 1796 Hic
386 1770 458 1795 sua
488 1755 664 1806 devitat,
708 1757 806 1796 duni
835 1758 1010 1811 pulchra
1039 1766 1232 1809 poemata
1262 1766 1408 1798 cantat.

277 1831 384 1870 Sunt
414 1831 563 1871 etenim
596 1830 792 1885 quidam,
831 1833 865 1871 si
892 1846 958 1871 me
989 1830 1211 1884 depingere
1241 1831 1438 1886 quiddam

273 1903 492 1943 Audierint
523 1905 639 1953 salsi,
671 1906 888 1944 certabunt
918 1904 1077 1955 legibus
1108 1905 1244 1957 aequi,

273 1977 330 2014 Ac
361 1990 450 2014 mea
482 1974 723 2015 transmisso
752 1976 993 2027 transfigent
1024 1976 1206 2015 carmina
1235 1976 1333 2014 telo.

161 2053 216 2086 20
275 2047 561 2087 Consuescunt
592 2048 730 2097 multi,
761 2062 1013 2102 quamquam
1057 2056 1152 2087 sunt
1188 2048 1368 2087 carmine
1399 2047 1519 2091 docti,

272 2120 440 2171 Longos
470 2130 658 2161 accentus
689 2135 765 2172 per
793 2122 918 2160 miros
948 2129 1108 2160 vertere
1138 2120 1283 2160 flexus.

269 2191 376 2230 Nam
404 2190 508 2243 pede
541 2192 768 2244 composito
799 2200 959 2232 certans
989 2193 1177 2232 insistere
1211 2200 1356 2240 metro,

268 2262 484 2303 Sillabicos
515 2277 657 2303 cursus
690 2278 782 2303 cum
819 2265 896 2303 sim
927 2264 1160 2319 discernere
1190 2262 1345 2312 tardus,

270 2336 478 2388 Tempora
512 2337 767 2389 temporibus
798 2352 929 2391 aeque
960 2336 1208 2389 conjungere
1247 2348 1405 2384 coecus,

158 2410 211 2444 25
270 2406 436 2446 Rectius
470 2408 548 2447 hoc
578 2408 738 2458 faciam,
768 2408 953 2460 linguam
982 2409 1016 2449 si
1045 2421 1235 2462 pressero
1264 2408 1458 2487 Qaesam.

253 2585 285 2625 ⁶)
312 2595 349 2616 es
373 2583 464 2617 steht
487 2583 818 2617 TOPOLOGIAM.

252 2647 274 2676 8
300 2645 439 2688 cupiens
466 2645 506 2677 B.
661 2647 703 2677 ‘21
735 2645 874 2678 flectere
901 2647 1001 2679 fletus
1027 2646 1067 2679 B.

1123 2712 1208 2751 16*
