1721 2938
225 121 310 164 ‘248

231 348 310 383 150

230 702 308 739 155

233 1069 313 1103 160

232 1485 312 1523 165

236 1849 313 1884 170

233 2208 312 2243 175

718 117 1067 160 ECBASIS.

367 270 584 320 Stringeris
615 268 787 318 melius,
831 270 865 308 si
895 269 1011 308 fluxa
1041 271 1266 309 cucurrerit
1296 273 1422 314 alvus.

371 342 551 381 Cursitat
579 340 749 389 ericius,
780 341 914 392 pomis
944 341 1168 381 revelletur
1199 350 1384 393 onustus,

367 414 499 453 Luter
524 413 703 464 piscator
728 421 925 465 properat
954 428 1030 466 pro
1061 414 1239 466 piscibus
1269 424 1444 468 emptor.

367 484 432 523 Ne
459 484 596 535 plores
627 483 826 532 nimium,
853 483 922 522 sed
954 484 1120 535 pangito
1150 486 1332 524 carmina
1363 499 1519 537 regum.

372 556 512 596 Poscis
541 556 664 594 inane
692 554 812 604 deos,
844 555 998 595 inferni
1025 559 1115 605 jure
1156 557 1341 608 sepultus

369 629 549 668 Victima
579 628 767 667 Plutonis
798 629 1007 676 sterneris,
1030 629 1088 666 nil
1118 628 1361 676 miserearis,

367 700 481 739 Dum
506 700 601 738 licet
630 700 672 738 in
703 700 828 739 rebus
855 699 1043 749 jocundis
1072 700 1165 741 vive
1190 694 1358 740 beatus.’

327 757 417 812 Ille
463 774 618 812 cubans
652 773 814 824 gaudet,
846 775 1132 826 praelambens
1162 788 1283 814 omne
1311 772 1422 827 quod
1449 774 1580 820 affert,

370 845 480 896 Quid
495 845 656 895 durum,
668 847 765 899 quid
782 850 904 888 molle
923 850 1040 897 soret,
1052 847 1150 901 quid
1165 850 1267 897 lene,
1283 848 1379 901 quid
1393 850 1581 897 horrens,

371 918 481 968 Quid
503 918 678 958 calidum
703 919 895 970 gelidum,
914 919 1177 958 dominorum
1198 921 1296 972 quid
1319 922 1581 970 famulorum,

374 991 716 1043 Continuansque
748 989 871 1042 dapes
905 992 1133 1030 succinctus
1165 992 1331 1032 cursitat
1362 994 1526 1045 hospes,

372 1064 579 1114 Fungitur
605 1063 751 1102 officiis
783 1077 858 1102 nec
889 1077 973 1103 non
1003 1064 1217 1103 verniliter
1242 1065 1353 1116 ipsis,

373 1135 590 1187 Multaque
623 1132 673 1173 de
705 1148 850 1185 magna
882 1144 1097 1175 creverunt
1127 1136 1327 1187 fragmina
1356 1151 1496 1188 coena,

370 1204 488 1254 Quae
518 1207 666 1257 procul
696 1206 905 1246 instructis
935 1208 1110 1247 inculcat
1141 1207 1330 1247 habenda
1357 1210 1555 1249 canistris.

377 1316 481 1375 Jam
512 1350 598 1376 nox
631 1350 707 1388 per
743 1336 922 1377 medium
953 1337 1156 1389 gaudebat
1185 1351 1349 1378 currere
1381 1340 1554 1389 coelum,

371 1412 476 1452 Cum
499 1412 636 1450 subito
666 1412 779 1450 missi
809 1421 1056 1465 properant,
1100 1413 1172 1465 qui
1201 1427 1372 1453 munera
1401 1423 1582 1466 portant,

371 1484 483 1523 Inter
512 1496 618 1535 quae
648 1485 820 1522 rombus
852 1499 942 1523 cum
976 1486 1103 1524 multo
1133 1486 1261 1523 milite
1305 1487 1470 1535 barbus,

370 1555 543 1596 Flexitis
578 1563 617 1593 et
648 1569 841 1606 congrus,
893 1570 984 1595 cum
1017 1557 1109 1610 quis
1150 1558 1277 1607 mugil
1319 1573 1554 1612 generosus,

377 1626 534 1674 Gobio,
565 1628 769 1678 sepiolae,
808 1627 949 1679 lolligo
981 1643 1071 1668 cum
1114 1629 1315 1681 capitone,

372 1698 535 1747 Cancri,
564 1699 704 1748 mulli,
745 1708 897 1748 trutta,
935 1700 1192 1751 cavedonus,
1222 1701 1440 1754 hicherus‚
1469 1706 1582 1757 allec,

370 1772 501 1811 Affuit
532 1779 570 1811 et
597 1773 726 1811 salmo
757 1772 938 1811 nutritus
972 1771 1142 1811 flumine
1172 1773 1330 1823 Hreno,

376 1844 464 1883 Nec
495 1845 638 1883 aberat
667 1842 786 1883 donis
817 1845 967 1895 piscosi
995 1859 1097 1896 grex
1125 1844 1375 1894 Rabadonis‚

372 1915 494 1964 Quod
526 1915 742 1968 fundoque
772 1916 917 1955 Mosae
952 1917 1115 1968 capitur
1141 1916 1261 1967 piscis
1290 1931 1418 1968 genus
1437 1932 1584 1972 omne3

372 1989 537 2027 Profert
568 2002 609 2027 se
642 1995 749 2026 cesto
780 1988 904 2040 spinx
943 1997 1084 2040 captus
1116 1990 1157 2026 in
1189 2002 1307 2027 amne
1335 1998 1525 2041 petroso:

372 2061 664 2113 Squamigeros
694 2069 833 2100 coetus
873 2061 1037 2113 punctis
1071 2062 1247 2112 pellebat
1276 2068 1431 2102 acutus.

373 2132 534 2172 Detulit
569 2134 669 2173 haec
692 2134 802 2172 luter
831 2147 948 2172 carus
992 2123 1490 2185 placidusque-minister.

373 2202 532 2255 Optulit
564 2205 729 2253 ericius,
760 2206 929 2256 spinoso
958 2206 1108 2245 vellere
1141 2213 1269 2253 sutus,

371 2276 582 2326 Rugosum
611 2276 730 2327 piper
760 2290 804 2314 ac
829 2285 962 2315 costus
996 2278 1237 2329 lentumque
1270 2291 1463 2327 papaver,

371 2347 524 2386 Porros
552 2354 591 2384 et
623 2347 776 2395 caules,
806 2336 972 2386 rafanos
1004 2361 1171 2400 quoque
1209 2348 1367 2387 viribus
1398 2362 1522 2398 acres,

367 2419 518 2457 Molles
549 2426 753 2458 castaneas
783 2417 943 2457 domnis
977 2419 1246 2457 coenantibus
1274 2429 1400 2470 aptas,

375 2492 450 2530 His
481 2490 656 2543 cydonia
685 2499 807 2540 sunt,
837 2491 1061 2530 crustumia
1091 2490 1267 2544 denique
1296 2492 1437 2531 mixta.

325 2603 394 2632 150
418 2598 598 2633 revehatur
622 2593 662 2632 Α.
736 2601 805 2631 170
826 2599 979 2642 piscosus
1004 2602 1043 2634 A.
1118 2601 1187 2634 172
1208 2603 1294 2641 ceto.
1380 2599 1447 2633 173
1475 2607 1576 2641 squa-

233 2662 447 2704 migerosque
473 2664 568 2695 cetus
594 2661 632 2694 Δ.
710 2661 778 2693 ἒ76
809 2658 901 2694 steht
923 2672 983 2695 vor
1009 2663 1087 2696 174.
