1721 2938
1403 162 1535 191 xxxin

233 293 284 329 12
344 286 518 343 Optant
549 294 665 333 illum
710 297 890 348 populus
923 295 1162 348 pontificem
1194 305 1233 336 et
1272 299 1418 349 clerus,

226 659 277 695 13

223 1015 274 1052 14

220 1382 270 1418 15

213 1748 263 1784 16

209 2110 258 2145 17

339 364 441 412 Quis
452 368 695 407 sacrandum
712 371 928 421 proprium
941 371 1170 410 Iohannem
1185 370 1253 409 dat
1271 370 1531 426 discipulum,

339 437 448 477 Hinc
493 453 676 490 superno
711 442 879 479 numine
916 443 958 480 in
992 445 1143 482 moniis
1176 451 1286 482 stans
1320 450 1529 489 cacumine

336 508 537 559 Spiritum
569 511 729 549 abbatis
761 512 983 551 locandum
1023 528 1114 552 cnm
1152 516 1278 553 beatis

336 579 367 616 E
399 590 620 631 conspectu
653 589 759 634 terre
799 584 964 633 angelos
998 583 1109 621 uidet
1139 584 1261 622 serre.

335 634 512 692 Uolum
545 669 643 694 mox
672 656 893 695 inhibitum
930 665 1023 709 post
1053 657 1180 709 patris
1223 657 1313 694 litat
1357 659 1527 713 obitum,

336 725 497 765 Gaudet
528 728 636 778 pisce
670 743 816 779 magno
850 738 1017 780 petroso
1066 737 1185 780 capto
1218 737 1377 778 stagno,

335 799 512 837 Trabem
550 800 784 839 breuiorem
817 801 885 839 (lat
916 815 1036 853 prece
1076 800 1318 850 longiorem,

334 871 473 921 Pergit
510 871 604 909 hinc
639 871 688 909 ad
723 881 899 911 castrum
930 874 982 911 ob
1018 872 1261 911 Micliahelis
1293 873 1454 924 festum,

328 941 421 989 Egit
451 941 591 981 missas
624 955 765 991 more,
797 943 966 993 spiritus
997 951 1112 980 tonat
1143 944 1193 981 ab
1232 956 1315 981 ore.

331 995 520 1066 Egrotat
550 1016 591 1052 iu
625 1024 757 1054 castro
790 1017 942 1054 electus
975 1015 1051 1054 deo
1089 1024 1244 1063 nostro,

329 1089 425 1128 Post
444 1091 594 1138 fletum,
623 1099 714 1141 post
730 1093 924 1141 gemitum
947 1091 1174 1141 defungens
1192 1092 1300 1130 efflat
1318 1092 1521 1144 spiritum,

329 1161 537 1199 Michahel
571 1160 701 1201 fidelis
729 1164 881 1202 locauit
912 1164 1021 1201 hunc
1051 1165 1092 1201 in
1125 1163 1232 1214 celis,

329 1233 519 1271 Accurrit
548 1234 764 1286 episcopus
798 1236 900 1273 fleus
932 1235 980 1273 ad
1014 1234 1198 1285 magistri
1227 1248 1390 1287 corpus.

330 1305 489 1355 Caligas
521 1306 608 1344 eius
638 1306 770 1344 induit
802 1306 970 1345 claudus
1000 1316 1037 1345 et
1069 1307 1214 1345 exiliit.

333 1363 508 1431 Corpus
539 1389 598 1419 est
627 1380 853 1429 nudatum,
890 1388 933 1418 nt
965 1380 1091 1428 solet,
1125 1381 1178 1418 ob
1208 1379 1404 1429 lanatum,

323 1453 459 1492 Renes
488 1463 526 1493 et
556 1463 734 1493 sacratos
766 1455 969 1492 mirantur
999 1453 1253 1500 uulneratos,

324 1525 498 1577 Capsam
531 1527 707 1565 clansam
740 1524 929 1577 pandunt
958 1533 1139 1563 catenam
1172 1533 1211 1561 et
1242 1522 1473 1573 offendunt,

323 1598 482 1638 Crnore
520 1600 732 1650 perfusum
767 1598 993 1637 horrebant
1026 1604 1064 1634 et
1100 1596 1302 1647 cylicium,

325 1669 536 1719 Clamant,
577 1684 601 1709 o
633 1671 789 1709 felicem
824 1669 972 1708 suimet
1001 1666 1246 1706 carnificemg

322 1723 471 1797 Equis
505 1745 601 1783 hinc
631 1745 842 1784 indomitis
873 1753 1074 1783 sacratum
1108 1752 1258 1791 corpus
1289 1737 1482 1789 martyris

322 1818 467 1869 Presul
494 1817 755 1869 imponebat,
787 1818 970 1856 infrenes
1006 1824 1045 1854 et
1076 1814 1258 1859 laxabat,

322 1890 504 1929 Currunt
537 1890 581 1927 in
613 1889 811 1929 directum
843 1888 893 1928 ad
928 1889 1026 1940 celle
1062 1887 1188 1939 patris
1221 1893 1382 1922 teclum.

318 1962 517 2014 Sequitur
546 1976 637 2000 cum
669 1963 778 2000 clero
809 1963 1014 2000 Iohannes
1046 1968 1170 2011 atque
1201 1957 1373 2008 populo,

316 2032 580 2084 Kyrieleison
613 2034 788 2071 clamant
818 2041 856 2070 et
891 2032 1083 2070 dellelum
1115 2029 1332 2067 tumulant.

318 2088 538 2145 Iohannes
570 2107 655 2144 noli
684 2107 809 2156 flere,
843 2108 1077 2158 magistrum
1110 2102 1229 2142 crede
1265 2102 1423 2140 uiuere.

316 2179 459 2229 Uiuit,
492 2180 685 2232 inquam,
716 2180 881 2229 Gallus,
914 2180 1073 2218 beatior
1105 2177 1183 2214 iam
1217 2176 1369 2222 nullus,

317 2251 435 2290 Uiuit
465 2267 538 2304 per
567 2252 784 2300 miracula,
825 2251 926 2290 dans
957 2259 1115 2289 scutum
1147 2247 1196 2286 ad
1230 2248 1451 2295 obsiacula,

316 2319 449 2359 Iudex
480 2322 586 2359 inter
618 2319 787 2359 dextros
818 2334 1004 2359 sessurus
1035 2319 1077 2356 in
1109 2318 1295 2356 sinistros

316 2389 362 2426 In
393 2392 607 2431 tremendo
639 2393 842 2431 examine.
899 2392 1028 2441 gloria
1058 2389 1131 2428 tibi
1163 2386 1341 2426 domine.

147 2459 263 2498 Beim
309 2462 494 2502 abdruck
538 2464 630 2503 sind
676 2465 753 2503 alle
800 2465 840 2501 in
886 2463 960 2502 der
1003 2459 1258 2501 hanchem-ist
1302 2456 1406 2493 iiber
1439 2452 1504 2491 die

146 2530 245 2570 fijnf
274 2541 406 2571 ersten
439 2537 661 2588 strophen‚
692 2534 929 2577 wechselnd
955 2534 1029 2574 mit
1050 2533 1192 2572 rother
1214 2528 1297 2568 und
1320 2527 1502 2566 schwar-

242 2653 305 2692 13,
332 2655 354 2684 2
380 2658 527 2695 petrose.
