1721 2938
206 113 290 154 228
670 110 1082 153 RUODLIEB.

207 269 342 311 finden
374 265 531 305 liei'sen.
590 264 670 303 Die
700 272 887 316 tempora
918 263 1112 312 werden,
1144 264 1221 304 fast
1243 268 1325 306 wie
1342 268 1396 307 im
1414 270 1552 309 Walt-

206 341 369 388 narius,
404 336 477 376 auf
506 333 700 374 deutsche
733 336 859 375 weise
892 345 1065 388 gesetzt,
1095 349 1227 388 praes.
1257 338 1342 377 und
1372 341 1447 380 fut.
1480 356 1552 381 ne·

203 407 502 455 beneinander,
550 422 585 447 z.
613 408 654 446 b.
683 406 887 454 resident,
918 409 1037 448 ibunt
1066 409 1138 456 IV,
1175 413 1277 459 1073
1317 408 1552 460 vincuntur,

204 484 460 537 perimentur
478 479 614 528 XVII,
650 484 718 528 193
749 481 855 532 perf.
887 480 970 519 und
1005 482 1140 533 plusq.
1160 479 1419 528 deseruisset,
1450 484 1553 524 nolit

204 561 241 603 1,
274 559 342 593 70.
372 559 558 602 surgunt,
593 550 816 592 induerant
848 552 919 600 ΙΙΙ,
941 556 1037 594 576.
1069 554 1373 593 constrinxerat
1402 555 1475 605 VI,
1499 559 1551 594 92

201 629 270 667 fiir
299 624 558 665 constrinxit.
618 624 719 662 auch
743 623 815 663 der
845 624 920 663 inf.
955 632 1086 675 praet.
1102 638 1242 676 posses
1269 626 1483 666 nichilasse
1499 628 1553 676 11,

204 702 307 750 1403
339 699 411 738 scit
431 696 602 745 jacuisse
615 696 710 741 Vll,
731 700 798 736 23.
858 696 1039 736 verearis
1063 697 1113 745 ΙΙ,
1132 700 1183 735 89
1217 698 1453 749 passivisch,
1470 701 1552 740 wie

199 771 360 812 freilich
377 770 503 809 sehon
523 769 589 807 bei
607 768 764 808 Gellius
786 772 847 818 15,
883 773 959 808 13:
993 768 1063 808 ubi
1093 771 1250 809 malunt
1281 772 1409 810 metui
1428 786 1551 824 quam

200 842 333 884 vereri
350 855 391 880 se
414 841 464 878 ab
497 839 595 878 suis·
652 841 742 879 Der
770 840 984 892 lebendige
1010 841 1221 893 iibergang
1252 843 1295 881 in
1315 841 1380 882 die
1398 843 1550 883 anrede

200 913 482 967 (WValtharIus
513 925 542 951 s.
577 909 649 964 67)
680 913 840 951 konnnt
869 913 960 951 hier
989 914 1061 962 ΙΙΙ,
1096 918 1175 952 170
1208 927 1297 953 vor.

306 1006 500 1046 Mehrere
532 1009 641 1043 siitze
673 1002 840 1043 werden
861 1004 968 1044 bloss
988 1003 1118 1045 durch
1136 1005 1354 1045 verdrehte
1376 1006 1551 1058 stellung

192 1081 307 1120 ihrer
347 1076 471 1118 theile
508 1074 577 1114 fiir
618 1074 694 1115 den
729 1084 863 1115 ersten
902 1077 1047 1118 anlauf
1082 1086 1210 1120 etwas
1242 1076 1411 1119 dunkel.
1483 1078 1548 1118 ein

193 1165 294 1204 paar
329 1147 544 1199 beispiele:

434 1227 455 1261 3
582 1225 605 1257 2
765 1224 783 1257 1

192 1298 234 1345 Ι,
277 1300 327 1336 32
399 1294 500 1333 tuba
534 1304 657 1344 quam
688 1292 848 1330 melius.

486 1371 509 1404 2
690 1369 709 1404 1
844 1366 870 1402 4
1113 1370 1151 1405 3.

191 1437 241 1484 ll,
275 1440 329 1474 20
401 1435 587 1474 Veniunt
618 1432 785 1487 quando
819 1431 897 1472 sibi
928 1430 1044 1486 (illis)
1078 1431 1196 1472 dixit.

553 1512 571 1545 1
1461 1510 1485 1543 2

276 1583 325 1619 36
387 1577 481 1617 Non
514 1584 595 1615 tam
619 1588 744 1614 nosco
771 1576 907 1614 locum
933 1575 1075 1615 vestris
1100 1575 1370 1616 conventibus
1404 1581 1544 1626 aptum

399 1648 579 1700 Campus
617 1654 661 1685 ut
694 1655 752 1686 est
783 1646 865 1685 ille.

447 1727 470 1761 5
629 1725 651 1758 6
782 1727 804 1760 7
869 1724 886 1759 1
1043 1725 1067 1758 2
1228 1723 1250 1758 3
1454 1720 1479 1757 4

261 1798 339 1833 112
400 1791 499 1832 Noli
531 1788 741 1828 recordari
770 1798 809 1829 te
840 1789 911 1829 sed
943 1797 1164 1843 postquam
1202 1788 1279 1828 sibi
1310 1783 1385 1841 (ei)
1416 1784 1515 1825 dixi.

446 1871 465 1904 1
561 1862 586 1902 '2
687 1868 708 1902 3
809 1866 834 1903 4
948 1869 970 1903 6
1091 1868 1114 1902 5
1276 1867 1299 1900 7
1448 1864 1471 1897 8

284 1938 337 1975 42
397 1933 504 1974 Nam
524 1932 630 1971 mala
645 1933 754 1971 malo
767 1933 880 1972 bono
896 1945 1019 1985 quam
1032 1929 1206 1971 reddere
1220 1928 1382 1971 vincere
1398 1941 1542 1981 pravo.

452 2012 469 2046 1
599 2011 621 2045 3
741 2012 764 2044 2
883 2011 906 2044 4

185 2078 289 2127 Vll,
321 2081 370 2115 31
415 2090 524 2115 nunc
554 2089 679 2127 super
708 2088 801 2115 ossa
831 2083 978 2114 cutem.
1270 2127 1276 2129 -

411 2153 430 2187 1
504 2154 528 2187 2
605 2155 627 2189 5
747 2155 768 2188 3
898 2154 919 2187 7
1013 2154 1034 2185 8
1127 2151 1148 2185 6
1277 2148 1302 2182 4

185 2219 282 2267 XV,
324 2222 348 2255 2
402 2216 446 2255 Si
475 2217 562 2256 siue
594 2217 657 2256 dic
688 2217 829 2256 liberis
859 2215 960 2269 quid
996 2217 1072 2254 erit
1102 2216 1160 2255 fili
1191 2212 1390 2252 morieris.

449 2295 468 2328 1
574 2296 596 2329 3
742 2296 765 2328 2
931 2295 956 2330 4
1074 2296 1097 2329 5

185 2359 310 2407 XVI,
338 2364 361 2396 5
411 2358 505 2397 Scio
538 2357 649 2411 quod
682 2358 848 2396 minime
877 2360 1028 2410 rogitas
1059 2373 1137 2398 me.

495 2436 520 2470 2
679 2437 699 2470 7
834 2437 859 2471 4
976 2437 997 2471 6
1116 2437 1139 2472 5
1233 2435 1249 2469 l
1382 2433 1405 2467 3

295 2503 347 2536 ΤΟ
405 2497 584 2546 Quando
615 2500 779 2539 licentia
812 2513 894 2552 quo
929 2500 1049 2541 detur
1080 2501 1182 2540 mihi
1214 2499 1279 2539 vel
1306 2495 1479 2546 rogitavi

487 2569 549 2625 (et
597 2570 764 2624 quando
793 2572 966 2622 rogitavi
996 2581 1040 2612 ut
1070 2573 1171 2612 mihi
1200 2570 1319 2612 detur
1345 2562 1540 2617 licentia).
