1721 2938
436 102 478 144 R
497 102 534 144 U
550 102 589 145 Ο
606 101 644 144 Ι)
664 101 734 144 121
752 101 787 143 E
805 101 841 143 Β
900 101 1050 158 fragm.
1075 100 1150 143 111.
1388 103 1470 145 143

232 258 279 296 In
310 260 424 307 cnjus
456 272 598 309 parma
627 257 810 298 victricia
837 267 879 298 tu
911 259 1016 311 geris
1048 272 1176 309 arma,

229 329 307 370 'Ille
338 332 410 370 tibi
441 330 574 370 laudis
608 341 668 371 sat
691 340 870 383 praestat
902 340 941 370 et
983 332 1117 371 omnis
1145 333 1331 373 honoris.

235 402 330 442 Non
358 417 461 456 opus
493 412 551 442 cst
580 404 675 442 hinc
705 411 744 441 te
774 402 944 443 laudare
982 403 1046 443 vel
1085 403 1345 455 amplificare.

126 480 178 514 50
238 477 382 515 Virtus
416 485 451 515 et
482 476 612 527 pietas
646 474 765 512 nimis
800 483 839 513 ct·
880 484 947 514 tua
977 476 1088 526 larga
1120 477 1309 516 voluntas

239 546 444 587 Omnibus
475 547 615 586 invitis
648 547 858 585 cumulant
892 547 965 585 tibi
1006 546 1189 598 praemia
1216 546 1360 587 laudis.

234 620 411 671 Ipsemet
442 628 565 672 atque
603 621 681 658 mei
713 619 785 657 tibi
819 618 1015 659 debemus
1048 619 1239 659 famulari

236 692 291 731 Ut
325 693 433 731 bello
468 692 562 731 victi
594 693 831 745 vexilloque
864 692 1044 731 subacti.’
1071 713 1129 720 ——

233 763 323 802 Rex
355 764 430 804 ait:
473 764 563 802 ‘hoc
595 762 715 811 absit,
747 776 819 813 ego
851 761 946 801 dum
989 762 1138 811 vivam,
1170 775 1306 815 neque
1337 761 1418 812 fiet,

125 839 176 874 55
237 835 293 874 Ut
327 836 402 875 tibi
434 835 531 889 quid
568 835 670 886 juris
703 844 771 875 aut
804 835 1069 875 adminuatur
1098 835 1284 875 honoris.

234 907 288 946 Es
319 921 394 946 rex
425 909 527 946 sicut
566 921 663 958 ego,
706 909 782 946 tibi
812 922 876 946 me
908 921 1167 960 praeponere
1197 908 1309 946 nolo.

231 979 422 1029 Ejusdem
456 981 556 1029 juris
588 993 643 1029 eS‚
671 984 785 1030 enjus
813 995 924 1031 sum,
966 982 1031 1021 vel
1065 982 1250 1020 lionoris.

234 1049 299 1091 Ob
331 1052 444 1105 quod
478 1053 664 1091 venimus
696 1053 776 1090 huc
802 1052 950 1101 modo,
981 1053 1242 1105 perficiamus
1271 1053 1310 1093 id
1342 1054 1444 1095 istie.

236 1124 384 1177 Tuque
416 1134 508 1164 tuos
539 1125 698 1177 recipe,
729 1125 797 1164 sed
830 1140 914 1165 nou
949 1125 1036 1164 sine
1068 1126 1216 1178 quovis
1251 1128 1439 1166 honore.'

127 1196 180 1231 60
241 1194 307 1233 Sic
341 1194 478 1234 dicens
511 1197 698 1235 comitem
728 1197 854 1247 regali
885 1205 997 1235 veste
1029 1197 1225 1235 nitentem

240 1267 437 1307 Reddidit
467 1277 670 1307 armatum
700 1269 827 1308 veluti
857 1260 1012 1308 bellare
1042 1278 1245 1321 paratum,

243 1339 373 1390 [Sicut
416 1349 627 1392 captorum
661 1342 843 1392 nullum]
885 1340 1084 1380 reddebat
1119 1354 1277 1390 eorum,

239 1411 348 1460 Quin
385 1414 491 1452 soret
523 1422 722 1462 armatus,
752 1415 816 1453 vel
851 1422 958 1453 veste
985 1413 1177 1453 decenter
1220 1413 1404 1454 amictus.

239 1486 337 1524 Post
371 1485 446 1524 ait:
476 1485 556 1533 ‘lii‚
587 1500 684 1535 rex,
717 1495 809 1524 sunt
832 1499 935 1539 quos
966 1487 1105 1525 vivere
1136 1487 1218 1524 sata
1245 1487 1447 1537 sinebant,
1478 1500 1626 1536 s01‚102,

129 1561 181 1596 65
243 1555 324 1605 Qui
357 1570 439 1595 non
474 1557 666 1606 humane,
699 1557 795 1596 dum
827 1559 946 1597 nobis
978 1559 1260 1610 praevaluere,

243 1629 331 1669 Nos
361 1637 536 1668 tractant
571 1629 686 1679 igne,
717 1629 868 1682 praeda
900 1632 964 1670 vel
999 1629 1119 1669 caede
1151 1630 1350 1682 maligne3

244 1700 434 1749 Qualiter
465 1710 630 1741 econtra
662 1710 873 1742 tractarem
907 1716 1011 1756 quos
1040 1703 1128 1742 vice
1158 1717 1289 1752 versa,

240 1775 449 1826 Praecipe,
482 1787 564 1827 quo
589 1773 726 1813 dicant
750 1775 836 1821 tibi,
863 1774 1028 1828 quando
1055 1773 1222 1815 domum
1245 1777 1480 1818 remearint.

241 1847 365 1886 Nunc
397 1862 438 1887 se
472 1845 721 1886 concordent
750 1855 786 1885 et
819 1847 923 1896 sint,
957 1848 1070 1887 velut
1102 1856 1195 1888 ante
1225 1849 1405 1900 fuerunt,

126 1924 178 1959 70
238 1919 367 1958 Firmi
396 1927 626 1970 compatres
654 1919 822 1971 posthac
854 1917 1008 1972 fidique
1054 1917 1242 1959 sodales)

238 1989 331 2038 Quo
361 1991 467 2029 sacto
503 2004 651 2042 nempe
683 2005 765 2042 pax
796 1991 1037 2030 firmabatur
1076 1992 1286 2045 utrimque

237 2063 315 2101 Per
344 2065 621 2111 juramentum
659 2063 837 2101 neutrim
870 2064 1032 2115 penitus
1070 2063 1370 2105 temerandum.

235 2136 354 2174 Tunc
386 2135 507 2174 ambo
545 2148 660 2185 reges
690 2134 867 2174 redeunt
900 2134 948 2174 ad
983 2136 1226 2188 papiliones,

239 2208 427 2261 Cumque
459 2207 541 2247 suis
571 2207 792 2259 prandent.
852 2209 915 2248 lbi
942 2208 1110 2260 grandia
1145 2210 1291 2261 gaudia
1322 2210 1440 2250 fiunt.

129 2285 179 2320 75
241 2280 403 2321 Gaudet
432 2280 630 2334 quisque,
660 2295 760 2320 suus
800 2283 937 2322 salvus
968 2280 1090 2322 rediit
1122 2282 1235 2336 quod
1266 2284 1432 2324 amicus.

237 2352 382 2391 Mensa
413 2353 575 2392 sublata
608 2351 831 2406 disponunt
865 2354 1045 2407 plurima
1072 2352 1196 2404 dona,

242 2419 358 2468 Quae
390 2423 476 2474 regi
513 2421 664 2463 dentur
692 2427 758 2465 vel
791 2425 870 2474 eis,
917 2427 1028 2465 hunc
1064 2425 1135 2481 qui
1165 2427 1424 2466 comitentur.

242 2493 347 2531 Auri
377 2495 598 2546 quingenta
635 2497 720 2547 regi
750 2497 944 2537 donanda
993 2499 1157 2547 talenta,

243 2566 418 2618 Insuper
447 2574 658 2616 argentum
688 2571 861 2608 multum
893 2573 959 2610 vel
990 2570 1114 2622 pallia
1153 2578 1328 2618 centum,

132 2643 184 2677 80
245 2638 420 2679 Centum
450 2637 624 2688 loricae,
654 2638 825 2679 totidem
858 2644 994 2693 galeae
1026 2642 1280 2696 chalybinae,
