1721 2938
582 102 1082 147 WALTHARIUS.
1457 107 1512 150 39

1346 189 1508 196 *—

323 257 406 296 Seu
437 258 587 297 virtute
616 258 766 307 animi,
797 271 870 297 seu
900 257 1202 310 desperaverat.
1261 259 1371 298 Exin

320 327 565 379 Alpharides
580 328 767 367 ‘morere'
785 329 919 381 iuquit
933 331 987 368 ‘et
1004 330 1102 368 haec
1118 330 1192 368 sub
1206 337 1358 370 tartara
1371 332 1562 383 transfer,

319 398 529 440 Euat-rans
560 401 699 448 sociis,
737 399 850 451 quod
879 409 923 439 tu
955 402 1007 439 sis
1038 403 1146 439 ultus
1177 399 1368 440 eosdem.'

322 472 398 510 His
431 470 547 510 dictis
576 479 767 522 torquem
799 472 903 511 collo
937 471 1202 511 circumdedit
1232 487 1418 513 aureum.

155 549 264 584 1060
322 543 424 582 Ecce
455 542 577 580 simul
609 543 715 580 caesi
746 543 972 581 volvuntur
1002 545 1171 593 pulvere
1203 544 1344 593 amici,

320 612 486 652 Crebris
517 611 727 651 foedatum
758 614 949 652 ferientes
982 615 1160 652 calcibus
1194 629 1351 655 arvum.

316 685 392 723 His
422 698 498 722 rex
527 684 675 722 infelix
704 684 801 724 visis
833 686 1032 736 suspirat,
1075 694 1112 724 et
1143 687 1257 725 omni

317 756 545 806 Aufugiens
581 754 717 795 studio
750 756 909 794 falerati
941 765 1052 808 terga
1089 759 1234 797 cavalli

320 827 507 876 Scandit,
547 837 585 866 et
615 827 666 866 ad
697 836 896 867 moestum
930 828 1046 866 citius
1078 829 1305 880 Haganona
1336 832 1503 881 volavit,

150 903 256 939 1065
315 898 657 951 Omnimodisque
690 899 806 937 illum
838 901 1032 950 precibus
1064 901 1226 940 flexisse
1261 903 1425 952 sategit,

314 971 371 1010 Ut
401 984 536 1010 secum
568 984 740 1022 pergens
771 985 949 1023 pugnam
985 980 1211 1024 repararet.
1270 973 1324 1011 At
1352 973 1420 1011 ille

314 1043 405 1081 ‘Mc
435 1056 562 1093 genus
591 1042 807 1081 infandum
839 1044 1032 1094 prohibet
1062 1045 1214 1083 bellare
1246 1052 1481 1095 parentum,

309 1115 362 1153 Et
390 1114 546 1164 gelidus
571 1116 735 1165 sanguis
762 1124 939 1154 mentem
965 1117 1068 1155 mihi
1096 1115 1270 1168 dempsit
1296 1117 1336 1154 in
1361 1117 1498 1155 armis.

316 1187 574 1225 Tabescebat
607 1189 714 1226 enim
748 1188 909 1237 genitor
939 1186 1037 1226 (lum
1067 1189 1147 1226 tela
1177 1186 1353 1234 videret,

149 1263 256 1298 1070
314 1257 366 1296 Et
394 1257 561 1298 timidus
590 1259 728 1298 multis
755 1262 955 1298 renuebat
986 1260 1144 1311 proelia
1172 1258 1323 1298 verbis.

312 1330 425 1368 Haec
457 1329 554 1368 (lum
589 1334 797 1380 jactasses,
835 1345 933 1380 rex,
973 1331 1081 1369 inter
1111 1339 1150 1369 te
1181 1329 1435 1377 comitantes,

309 1400 454 1439 Extitit
484 1399 698 1451 indignum
727 1403 858 1441 nostri
887 1402 962 1440 tibi
995 1402 1146 1454 quippe
1176 1403 1394 1451 juvamen?

266 1457 354 1512 Ille
382 1476 588 1513 recusanti
618 1476 807 1526 precibus
841 1475 1109 1514 nihilominus
1144 1475 1301 1513 instans

309 1549 480 1587 Talibus
511 1563 700 1591 aversum
733 1551 874 1601 satagit
903 1563 1099 1590 revocare
1132 1550 1307 1603 loquelis

144 1625 249 1662 1075
308 1621 544 1673 ‘Deprecor
567 1634 642 1673 per
665 1635 859 1673 superos»,
894 1630 1136 1673 conceptum
1161 1635 1268 1672 pone
1297 1621 1494 1659 furorem.

306 1692 416 1731 Iram
447 1691 496 1730 de
529 1699 670 1731 nostra
702 1700 949 1731 contractam
981 1690 1122 1731 decute
1153 1693 1293 1743 culpa>

307 1761 440 1810 Quam
470 1762 553 1802 vita
583 1762 823 1811 comitante,
863 1761 1029 1801 domum
1059 1763 1092 1800 si
1121 1775 1275 1802 venero
1306 1768 1460 1809 tecum,

306 1834 506 1886 Impensis
535 1834 693 1872 tibimet
724 1835 946 1873 benefactis
977 1834 1090 1874 diluo
1125 1834 1275 1872 multis.

306 1907 458 1946 Nonne
488 1906 615 1959 pudet
646 1906 763 1946 sociis
793 1914 853 1946 tot
885 1908 1148 1959 cognatisque
1182 1905 1403 1958 peremptis

143 1981 251 2017 1080
307 1977 579 2016 Dissimulare
600 1976 765 2017 virum?
796 1980 934 2029 magis,
959 1987 1003 2017 ut
1023 1979 1123 2017 mihi
1140 1978 1293 2030 quippe
1311 1975 1488 2023 videtur,

305 2049 446 2088 Verba
471 2050 609 2089 valent
631 2051 811 2089 animum
834 2064 956 2103 quam
980 2051 1084 2089 sacta
1105 2049 1285 2089 nefanda
1307 2062 1489 2088 movere.

306 2119 458 2159 Justius
488 2121 530 2159 in
561 2135 727 2161 saevum
756 2124 973 2161 tumuisses
1005 2131 1139 2160 mente
1171 2131 1415 2173 tyrannum,

309 2190 392 2239 Qui
422 2193 532 2231 solus
565 2193 686 2233 hodie
718 2203 839 2245 caput
869 2195 1137 2234 infamaverat
1167 2194 1292 2233 orbis.

306 2263 402 2303 Non
420 2263 624 2305 modicum
644 2267 824 2318 patimur
841 2264 1063 2318 dampnum
1083 2264 1131 2303 de
1150 2263 1271 2304 caede
1289 2263 1485 2311 virorum,

235 2453 328 2483 1056
361 2450 591 2493 despiraverat
627 2453 652 2484 1.
741 2453 833 2483 1062
865 2450 964 2482 iussis
1001 2450 1039 2481 C.
1127 2450 1216 2480 1063
1247 2445 1425 2486 Effugiens
1459 2443 1485 2477 Ι.

144 2511 236 2542 1065
263 2510 464 2543 omnimodis
487 2512 580 2544 illum
606 2512 634 2544 I.
710 2514 801 2544 1068
825 2510 951 2543 ademit
973 2510 1012 2542 B.
1046 2510 1077 2541 in
1103 2509 1193 2540 aruis
1216 2507 1240 2539 Ι.
1315 2508 1407 2537 1070
1433 2508 1488 2537 tu-

142 2569 255 2601 midus
278 2569 305 2602 1.
385 2572 469 2602 1071
498 2572 587 2603 inter
611 2581 649 2604 se
674 2571 699 2603 1.
775 2575 867 2604 1072
893 2580 1014 2602 nomen
1040 2569 1098 2600 tibi
1125 2568 1250 2609 qnippe
1275 2566 1423 2598 vivamus
1448 2565 1487 2599 C.

141 2631 233 2663 1075
259 2630 312 2663 Te
340 2640 424 2673 rogo
450 2630 489 2664 C.
529 2631 704 2675 Deprecor
729 2632 772 2665 ob
798 2641 940 2674 superos
965 2630 990 2663 I.
1065 2630 1157 2660 1078
1182 2627 1282 2660 deluo
1308 2626 1347 2659 B.
