1721 2938
306 265 372 298 63.

306 551 373 587 64.

303 840 370 874 65.

306 1126 373 1161 66.

307 1415 372 1450 67.

309 1703 374 1736 68.

309 1984 374 2020 69.

229 2640 286 2677 66,
311 2639 334 2667 2
374 2637 429 2670 die
455 2637 503 2671 hs.
527 2636 584 2669 hat
609 2637 900 2670 unverstfindtich:
941 2638 1090 2669 lacerent
1117 2641 1153 2668 nt
1179 2636 1311 2668 invitus.

374 107 672 151 GALLUS
728 109 823 150 ΕΤ
880 109 1196 153 VULPES.

431 262 616 311 Gallum,
648 269 692 300 ut
721 262 776 302 ait
805 262 959 314 fabula,

431 333 637 385 Deposuit
667 335 895 385 vulpecula,

425 407 476 444 Et
515 406 571 444 sic
613 404 774 443 dicebat
810 406 994 457 populo:

425 477 596 525 ‘Meum,
627 490 710 515 non
744 486 925 517 vestrum
957 479 1127 519 aufero)

432 548 650 588 Gentilitas
691 550 921 588 miserrima

435 620 641 660 Sathanae
672 622 884 674 quondam
926 622 1076 662 tradita

426 694 690 743 Praemagnis
721 708 744 732 a
785 692 1024 733 doctoribus

426 766 717 805 Revocabatur
747 766 932 805 vocibus.

429 835 545 883 Quos
572 843 715 875 contra
743 837 886 874 sathan
923 837 1116 884 substitit,

425 908 476 946 Et
516 906 710 959 praedam
742 907 862 960 quasi
894 909 1045 959 posuit,

429 977 608 1026 Quando
641 987 764 1018 totam
799 981 1041 1019 sententiam

429 1050 610 1090 Retorsit
641 1050 690 1089 ad
734 1052 958 1100 ecclesiam,

432 1121 483 1160 Se
517 1120 714 1160 blandum
745 1122 824 1160 illis
854 1121 1046 1172 praebuit

430 1193 724 1244 Laeerent[ur]
756 1201 801 1231 ut
832 1193 965 1240 inviti,

426 1264 635 1304 Adversus
667 1266 772 1302 hanc
804 1264 1017 1303 infremuit

429 1337 715 1390 Conquerens,
752 1350 850 1375 suos
881 1336 1103 1375 substrahi.

431 1410 539 1448 HInc
571 1406 744 1449 verbum
776 1407 842 1446 dei
872 1407 1043 1447 audiens

434 1484 484 1522 Et
516 1496 557 1521 se
601 1483 730 1533 ipsam
767 1480 988 1519 discutiens

428 1554 646 1592 Gentilitas
677 1553 887 1602 ingemuit,

426 1624 626 1663 Praedam
661 1625 786 1663 fuisse
821 1624 1045 1663 daemonis·

434 1697 579 1735 Statim
613 1697 686 1735 alis
717 1696 980 1747 perstrepuit,

426 1766 656 1806 Leviathan
689 1765 881 1812 deseruit,

434 1838 554 1876 Volis
584 1838 729 1876 volans
769 1835 818 1874 ad
850 1849 1012 1886 supera,

432 1909 632 1948 Nativum
658 1909 794 1946 locum
828 1906 1034 1945 vendicat.

432 1980 519 2019 Nec
551 1980 724 2027 mirum,
754 1980 787 2018 si
816 1993 891 2030 per
921 1979 1059 2016 alitem

437 2052 630 2102 Figuram
665 2051 741 2089 feci
772 2049 987 2102 duplicem,

429 2123 487 2162 Ut
518 2137 628 2162 nunc
661 2122 843 2172 designet
871 2123 1087 2174 populum,

432 2196 484 2234 Et
511 2209 620 2233 nunc
651 2194 867 2233 doctorum
908 2206 1099 2232 cuneum.

434 2267 540 2305 Nam
571 2267 758 2305 membra
785 2274 881 2304 sunt
915 2264 1118 2311 ecclesiae,

429 2338 545 2387 Quae
574 2338 721 2390 gaudet
750 2338 915 2377 Christo
957 2337 1100 2388 capite,

428 2412 634 2450 Doctores
665 2423 758 2448 nam
787 2423 880 2448 cum
909 2410 1066 2460 populo

428 2480 569 2519 Unum
598 2495 746 2532 corpus
776 2482 819 2519 iu
851 2479 1034 2520 domino.

1124 2706 1175 2738 23

1394 115 1477 157 353
