1721 2938
200 95 256 136 22
626 92 1124 137 WAL'PIIARIUS.

353 244 437 294 Qui
466 261 530 285 me
560 245 609 284 de
639 244 763 285 variis
790 242 932 282 eduxit
962 257 1082 296 saepe
1113 245 1295 296 periclis,

352 317 431 356 Hic
461 318 567 356 valet
596 315 662 354 hic
695 316 850 364 hostes,
892 314 1036 363 credo,
1077 315 1330 355 confundere
1361 318 1549 355 nostros?

348 388 460 426 Haec
489 387 566 435 ait,
597 395 719 440 atque
750 387 890 426 oculos
920 387 1065 426 tollens
1099 388 1246 426 effatur
1279 387 1330 426 ad
1359 388 1487 439 ipsam

212 460 292 498 555
351 458 470 498 ‘Non
505 467 645 498 assunt
678 460 832 498 Avares
869 459 933 498 hic
963 459 1033 498 sed
1067 459 1215 499 Franci
1250 460 1477 498 nebulones

353 529 543 570 Cultores
573 531 788 582 regionis)
816 540 854 570 et
887 545 960 579 en,
992 533 1146 582 galeam
1177 532 1415 582 Ilaganonis

350 602 531 654 Aspicit,
574 611 613 642 et
641 617 814 643 noscens
843 603 1019 652 injunxit
1046 605 1140 642 talia
1172 603 1310 642 ridens

349 673 423 712 ‘Et
452 688 567 714 meus
595 674 661 713 hic
691 674 824 713 socius
854 674 1026 724 Hagano
1058 675 1210 724 collega
1239 672 1461 712 veternus?

293 731 407 790 Hoc
442 751 566 790 heros
597 750 704 790 dicto
736 749 949 788 introitum
982 748 1166 787 stationis
1197 746 1355 796 adibat,

211 825 292 860 560
350 823 529 863 Inferius
558 824 679 863 stanti
701 821 942 875 praedicens
969 823 1024 863 sic
1058 822 1242 862 mulieri:

352 896 462 936 ‘Hae
493 909 628 935 coram
663 904 785 948 porta
814 897 986 934 verbum
1014 894 1137 934 modo
1166 899 1272 945 jacto
1301 897 1548 947 superbum:

354 968 462 1006 Hinc
495 969 634 1007 nullus
663 966 827 1006 rediens
860 967 985 1007 uxori
1016 966 1151 1006 dicere
1176 967 1360 1007 Francus

349 1038 611 1089 Praesumet‚
651 1053 693 1079 se
726 1039 895 1091 impune
926 1054 1049 1090 gazae
1092 1038 1190 1093 quid
1226 1040 1370 1078 tollere
1404 1040 1569 1078 tantae?

349 1109 438 1150 Nec
469 1109 567 1151 dum
596 1125 830 1152 sermonem
863 1113 1104 1165 complevit,
1143 1112 1392 1150 humotenus
1423 1124 1514 1151 ecce

211 1185 292 1222 565
354 1181 522 1223 Corruit
551 1191 589 1223 et
619 1187 782 1224 veniam
812 1174 952 1236 petiit,
992 1185 1089 1238 quia
1119 1183 1214 1223 talia
1246 1182 1363 1222 dixit.

352 1255 576 1310 Postquam
612 1257 791 1296 surrexit
822 1258 1105 1308 contemplans
1141 1257 1298 1295 cautius
1325 1268 1469 1295 omnes

349 1326 535 1366 ‘Horum
567 1342 671 1381 quos
702 1327 824 1368 video
856 1330 1037 1379 nullum,
1065 1329 1295 1380 Haganone
1324 1335 1512 1377 remoto,

353 1397 568 1452 Suspici03
605 1415 785 1454 namque
814 1402 883 1441 ille
912 1415 1024 1441 meos
1052 1415 1128 1453 per
1157 1401 1316 1453 proelia
1346 1414 1482 1440 mores

349 1469 439 1508 Jam
469 1469 631 1523 didicit,
672 1480 782 1512 tenet
811 1474 877 1512 hic
909 1474 1030 1512 etiam
1061 1481 1122 1513 sat
1154 1471 1324 1512 callidus
1354 1480 1509 1523 artem3

209 1545 290 1581 570
349 1539 484 1590 Quam
516 1544 551 1583 si
579 1545 685 1584 forte
715 1545 879 1585 volente
911 1545 987 1585 deo
1017 1545 1279 1598 intercepero
1311 1545 1466 1594 solam,

352 1613 484 1654 Tunc'
508 1617 561 1654 ait
592 1617 657 1655 ‘ex
673 1631 811 1669 pugna
828 1618 916 1667 tibi,
945 1616 1144 1668 Hiltgund
1163 1630 1327 1669 sponsa,
1353 1619 1567 1657 reservor.'

302 1670 401 1726 Ast
431 1688 502 1727 ubi
535 1689 820 1731 VValtharium
854 1693 921 1731 tali
955 1692 1127 1732 statione
1158 1701 1368 1745 receptum

349 1762 574 1815 Conspexit
602 1764 800 1817 Hagano,
830 1774 1014 1819 satrapae
1045 1780 1146 1807 mox
1170 1766 1248 1805 ista
1279 1766 1460 1818 superbo

353 1834 540 1886 Suggerit
569 1839 614 1876 ‘o
646 1840 808 1889 senior,
839 1838 987 1879 desiste
1015 1841 1214 1879 lacessere
1243 1840 1351 1878 bello

207 1912 287 1948 575
348 1908 708 1949 Hunchominem!
723 1919 893 1962 pergant
905 1911 1176 1964 primunnqui
1191 1910 1566 1963 cunctarequirant‚

345 1979 397 2019 Et
426 1994 554 2032 genus
583 1989 623 2021 et
652 1983 825 2035 patriam
853 1997 1088 2036 nomenque
1117 1985 1338 2036 locumque
1364 1984 1565 2022 relictum.

347 2054 449 2102 Vel,
480 2054 514 2092 si
544 2055 650 2094 forte
671 2063 782 2108 petat
805 2069 973 2107 pacem,
1005 2056 1309 2113 sinesanguine
1330 2056 1534 2107 praebens

349 2125 631 2175 Thesaurum,
674 2141 751 2177 per
779 2140 1024 2178 responsum
1063 2141 1308 2178 cognoscere
1339 2128 1563 2165 homonem

344 2195 593 2242 Possumus3
642 2206 679 2237 et
709 2198 743 2236 si
773 2198 1033 2237 waltharius
1062 2207 1299 2238 remoratur
1327 2197 1478 2236 ibidem
1496 2227 1506 2246 ,

209 2268 290 2303 580
350 2267 422 2305 Est
452 2269 633 2320 sapiens,
667 2271 805 2309 forsan
839 2278 975 2310 vestro
1008 2271 1203 2310 concedet
1234 2270 1411 2309 honori.'

310 2319 532 2394 Praecipit
562 2343 622 2382 ire
655 2344 789 2383 virum
822 2344 1066 2395 cognomine
1095 2359 1170 2384 rex
1202 2344 1486 2393 Camelonem,

303 2458 372 2488 555
408 2466 472 2488 non
505 2462 582 2488 sunt
612 2458 651 2489 Α.
734 2458 802 2488 557
836 2466 1004 2497 gnoscens
1030 2446 1072 2488 B.
1155 2459 1226 2488 558
1261 2461 1312 2489 est
1337 2476 1382 2480 —
1408 2459 1562 2488 vetustus

208 2514 353 2547 Molters
386 2520 560 2548 correctur
588 2526 698 2558 gegen
729 2517 794 2548 alle
825 2515 889 2548 hss.
963 2519 1031 2548 563
1059 2516 1183 2558 aliquid
1212 2517 1250 2549 C.
1296 2521 1433 2549 nostrae
1460 2516 1498 2549 C.
1521 2515 1561 2556 Ε,

208 2584 260 2605 am
290 2574 392 2607 rande
429 2580 554 2610 tantae.
637 2578 707 2608 578
741 2575 919 2610 humonem
947 2576 984 2609 C.
1008 2576 1047 2610 E.
1122 2580 1192 2611 580
1225 2582 1342 2611 nostro
1369 2577 1407 2610 C,
1490 2578 1557 2608 581

206 2634 420 2667 Camalonem
446 2636 482 2667 B.
522 2637 744 2670 Kametonem
763 2636 799 2668 C.
