1721 2938
227 115 308 157 184

231 344 284 378 25

240 705 293 738 30

244 1064 295 1099 35

245 1421 297 1458 40

246 1778 299 1816 45

253 2141 306 2175 50

95 2442 235 2475 fotz9b.

1049 25 1062 47 N

514 116 552 157 R
573 116 607 158 U
625 117 663 158 O
681 116 719 157 D
741 116 808 156 LI
836 117 869 156 E
889 116 922 156 B
985 115 1134 169 fragm.
1169 115 1285 158 Xlll.

417 295 702 306 ooooo

765 363 1046 376 00000

346 409 474 448 Mittit
507 418 546 448 et
576 410 758 457 interca,
800 409 880 448 cito
915 422 999 461 quo
1032 409 1168 448 veniat
1198 422 1272 448 sua
1302 417 1409 459 nata,

347 481 445 522 Post
477 496 599 535 quam
630 495 730 520 mox
760 482 882 532 agiles
913 482 1052 532 plures
1098 480 1259 518 saluere
1289 487 1473 532 tyrones,

352 553 507 592 Texuit
541 567 592 592 ex
623 567 724 593 auro
757 568 861 606 quae
892 553 989 592 bina
1019 552 1211 603 ligamina
1241 564 1407 604 sponso,

350 627 470 676 Post,
501 640 805 679 quemcumque
840 626 917 664 sibi
950 627 1103 664 tribuat
1138 625 1351 663 clementia
1377 622 1542 663 Christi.

354 698 471 747 Quae
503 698 598 737 dum
632 698 833 750 procedit,
861 712 934 737 ceu
965 695 1101 736 lucida
1131 698 1229 735 luna
1258 697 1424 745 reluxit,

354 770 488 820 Quam
515 772 659 811 sollers
691 780 816 820 esset,
854 784 976 810 nemo
1013 768 1244 809 discernere
1275 777 1428 821 posset,

354 846 419 884 An
446 845 582 895 volet,
614 859 665 882 an
705 852 833 894 naret,
865 857 916 881 an
950 857 992 882 se
1025 856 1288 896 quocumque
1324 849 1506 882 moveret

1062 943 1072 953 .
1129 916 1289 954 levabat

571 1087 579 1097 .
638 1071 691 1106 m,
723 1071 846 1110 quam
877 1070 1039 1095 sumere
1064 1056 1180 1105 jussit
1211 1058 1395 1096 herilem.

353 1129 403 1168 Et
435 1138 527 1181 post
555 1129 787 1182 hospitibus
819 1128 960 1180 datur,
985 1128 1126 1167 ultime
1157 1127 1228 1168 sed
1258 1128 1337 1168 sibi
1365 1136 1458 1181 post
1491 1128 1566 1167 hos

918 1230 927 1239 .
987 1209 1061 1239 unt
1090 1200 1257 1239 insimul
1288 1202 1445 1240 ambae.

355 1275 492 1323 Major
532 1273 702 1323 majori,
747 1274 886 1323 junior
917 1272 1101 1312 consedit
1130 1274 1264 1312 herili.

933 1374 942 1384 .
999 1346 1114 1394 jubet
1152 1353 1260 1397 apte.

359 1417 456 1466 Ejus
494 1418 735 1457 contribulis
765 1417 937 1458 conviva
966 1418 1090 1457 fiebat
1122 1417 1276 1456 herilis.

997 1488 1119 1528 datur
1157 1503 1252 1537 una,

357 1561 463 1599 Prae
494 1560 646 1613 quibus
677 1560 744 1598 ille
775 1560 883 1598 canis
915 1568 991 1599 stat
1022 1560 1122 1598 furti
1151 1558 1342 1611 proditor
1371 1558 1518 1598 onmis.

482 1619 489 1621 ‚
715 1661 724 1670 .
779 1631 1008 1684 faciemque
1045 1639 1257 1671 revertens

357 1703 501 1743 Cauda
531 1703 765 1752 blanditur,
799 1702 899 1757 quid
930 1703 989 1754 ei,
1021 1711 1185 1754 monet,
1217 1712 1263 1743 ut
1292 1702 1513 1743 tribuatur.

927 1804 937 1814 .
996 1784 1037 1814 at
1075 1776 1143 1815 ille
1174 1775 1330 1827 recepit

357 1847 519 1889 Excidit
549 1855 589 1887 at
620 1849 698 1887 sibi
728 1846 829 1900 quid
860 1860 955 1886 casu
989 1859 1073 1885 non
1104 1845 1146 1884 id
1173 1846 1377 1898 repetivit.

574 1948 929 1959 ......
987 1918 1066 1957 hoc
1096 1918 1223 1958 homo
1256 1917 1379 1966 coxit,

363 1991 590 2045 Nunquam
606 1992 781 2043 gustavit
794 1999 864 2030 aut
877 1997 1081 2042 gustatum
1092 1990 1336 2030 revtimebat
1350 1987 1600 2043 (retinebat).

914 2090 925 2100 .
985 2062 1179 2112 calc]aria
1208 2064 1316 2102 tollit

364 2135 512 2174 Postea
545 2136 734 2174 scutellas
767 2134 928 2186 dapifer
961 2148 1052 2173 cum
1082 2124 1400 2186 posceret‘illas,

363 2206 553 2256 Porrigat
580 2207 656 2246 has
687 2208 764 2246 sibi
794 2221 917 2254 mox,
962 2206 1117 2245 cunctis
1146 2207 1241 2245 lixis
1282 2207 1395 2246 velut
1425 2213 1484 2243 est
1513 2217 1600 2243 mos

791 2278 919 2329 cani]s
946 2278 1172 2329 inspatiens
1201 2279 1307 2316 male
1338 2278 1495 2327 crebro,

363 2349 523 2388 Insiluit
552 2348 716 2388 tandem
749 2348 968 2388 lacerando
997 2348 1123 2388 trahit
1155 2348 1233 2388 sibi
1267 2357 1432 2397 vestem,

366 2420 501 2473 Atque
530 2420 844 2471 momordisset,
881 2421 924 2460 ui
953 2421 1120 2460 scutifer
1153 2419 1383 2471 eripuisset.

343 2588 402 2620 24.
429 2589 474 2619 25
501 2586 663 2620 scheinen
700 2596 775 2619 vom
804 2586 887 2620 serf.
927 2587 1032 2619 selbst
1058 2583 1302 2628 ausgeschaM,
1342 2594 1379 2617 er
1418 2583 1529 2616 wollte
1554 2582 1604 2614 sie

243 2648 305 2680 wol
332 2647 436 2681 durch
464 2648 589 2682 andere
617 2635 784 2682 eisetzen.
