1721 2938
209 117 264 157 52
636 113 683 153 W
702 114 731 153 A
748 112 783 152 1,
800 112 838 152 'l‘
855 112 890 151 ll
910 113 940 151 Α
957 111 994 151 R
1011 112 1027 152 l
1044 112 1076 153 U
1095 112 1139 152 S.

381 266 511 318 Virgo
545 274 635 313 tuo,
678 264 874 317 quoniam
908 265 1040 302 fateor
1071 278 1134 302 me
1168 263 1315 302 sortior
1344 264 1410 301 itte
1441 271 1520 306 est,

218 345 322 381 1420
382 340 477 380 Non
509 339 642 377 solum
676 336 776 375 mihi
806 334 874 375 sed
909 335 1065 375 cunctis
1095 349 1219 387 super
1250 335 1398 373 eminet
1428 335 1509 372 itte.

381 410 458 449 Hic
488 406 651 447 tandem
682 408 855 459 Hagano
887 408 1100 459 spinosus,
1145 414 1185 446 et
1218 406 1305 458 ipse
1337 406 1567 458 Aquitanus

381 481 593 522 Mentibus
626 479 786 529 invicti,
825 479 919 518 licet
949 479 1062 518 omni
1091 491 1265 530 corpore
1300 478 1416 525 lassi,

378 556 476 594 Post
505 553 640 594 varios
669 566 828 606 pugnae
855 551 1070 604 strepitus,
1103 552 1291 605 ictusque
1322 548 1570 596 tremendos,

379 627 495 665 Inter
524 627 674 677 pocula
707 623 867 664 scurrili
898 623 1119 662 certamine
1149 621 1310 662 ludunt.

215 700 320 737 1425
381 696 567 735 Francus
599 695 654 734 ait
689 697 790 744 ‘jam
817 692 966 732 dehinc
996 706 1138 733 cervos
1169 692 1358 744 agitabis,
1389 695 1539 740 amice,

383 768 569 816 Quorum
603 765 652 805 de
684 764 797 805 corio
829 764 978 804 wantis
1011 765 1098 804 sine
1131 764 1211 804 fine
1244 765 1418 804 fruaris:

379 842 431 879 At
467 839 655 878 dextrum
691 850 840 876 moneo
873 845 1013 875 tenera
1044 837 1235 888 lanugine
1267 838 1449 888 comple,

376 912 431 952 Ut
463 924 609 950 causae
638 909 804 960 ignaros
835 909 994 960 palmae
1024 910 1100 947 sub
1132 908 1306 958 imagine
1339 910 1464 947 sallas.

382 980 521 1022 VValn!
551 980 620 1021 sed
647 979 749 1034 quid*
771 979 884 1029 dicis,
914 980 1025 1034 quod
1051 981 1174 1020 ritum
1197 980 1420 1031 infringere
1440 980 1570 1030 gentis

215 1055 322 1093 1430
381 1055 439 1093 Ac
471 1052 619 1093 dextro
653 1052 799 1093 femori
830 1052 1008 1104 gladium
1042 1052 1319 1103 agglomerare
1350 1049 1519 1098 videris,

376 1125 595 1179 Uxorique
626 1132 744 1172 tuae,
783 1123 988 1178 siquando
1020 1138 1067 1164 ea
1099 1137 1197 1165 cura
1229 1123 1455 1171 subintrat,

380 1200 582 1239 Perverse
617 1197 809 1249 amplexu
841 1196 1113 1238 circumdabis
1145 1210 1246 1247 euge
1277 1193 1513 1236 sinistram?

378 1270 465 1308 Jam
485 1267 583 1322 quid
599 1266 817 1308 demoror?
841 1283 890 1308 en
904 1270 1071 1322 posthac
1086 1267 1378 1322 tibi‚quicquid
1397 1267 1596 1319 agendum
1611 1275 1683 1318 est,

379 1341 519 1383 Laeva
548 1354 694 1380 manus
730 1340 876 1382 saciet.’
931 1341 1009 1381 Cui
1037 1342 1257 1382 VValthare
1286 1339 1383 1380 talia
1411 1338 1571 1380 reddit:

215 1417 322 1455 1435
382 1412 492 1453 ‘Cur
520 1421 601 1453 tam
633 1410 825 1465 prosilias
857 1411 1061 1462 admiror,
1102 1414 1214 1454 lusce
1244 1411 1478 1462 Sicamber,

382 1485 426 1525 Si
457 1499 588 1526 venor
618 1498 781 1534 cervos,
817 1499 983 1525 carnem
1012 1485 1160 1526 vitabis
1189 1485 1400 1537 aprinam3

381 1558 447 1597 Ex
481 1559 559 1598 hoc
591 1560 671 1608 jam
708 1557 870 1598 famulis
905 1566 948 1597 tu
983 1555 1255 1610 suspectando
1285 1555 1474 1606 jubebis,

377 1629 563 1670 Heroum
599 1630 740 1670 turbas
772 1637 1009 1670 transversa
1043 1627 1196 1669 tuendo
1229 1628 1424 1669 salutans·

381 1699 464 1741 Sed
495 1700 591 1742 fidei
622 1714 780 1742 memor
814 1702 1006 1756 antiquae
1041 1701 1114 1741 tibi
1146 1701 1420 1741 consiliabor:

216 1773 322 1813 1440
381 1773 468 1813 Jam
485 1771 689 1828 siquando
706 1772 873 1814 domum
894 1774 1032 1824 venias
1049 1775 1288 1827 laribusque
1304 1772 1572 1826 propinques,

381 1844 510 1885 Effice
541 1843 740 1885 lardatam
774 1843 823 1885 de
854 1846 1026 1886 mulctra
1058 1846 1249 1900 farreque
1281 1848 1456 1898 pultem,

381 1917 492 1958 Haec
521 1916 678 1970 pariter
702 1917 854 1957 victum
887 1917 963 1957 tibi
993 1919 1179 1958 conferet
1205 1926 1329 1971 atque
1357 1915 1573 1957 medelam.

317 1973 414 2032 His
445 1991 558 2032 dictis
589 1999 753 2044 pactum
784 2000 988 2033 renovant
1018 1993 1166 2033 iterato
1198 1999 1433 2042 cruentum,

380 2066 518 2119 Atque
548 2067 671 2107 simul
700 2080 837 2118 regem
869 2067 1058 2106 tollentes
1088 2065 1208 2117 valde
1239 2065 1444 2108 dolentem

215 2138 322 2179 1445
381 2138 609 2190 Imponunt
640 2137 791 2191 equiti,
834 2145 871 2177 et
901 2138 958 2177 sic
990 2138 1145 2193 disjecti
1176 2136 1414 2187 redierunt,

382 2210 532 2250 Franci
559 2208 862 2260 wormatiam,
893 2211 1154 2263 patriamque
1176 2210 1409 2263 Aquitanus
1431 2208 1573 2250 adivit.

379 2281 467 2321 lllie
498 2280 677 2334 gratifice
707 2295 855 2333 magno
889 2290 1104 2334 susceptus
1132 2282 1294 2322 honore

380 2353 552 2394 Publica
583 2351 802 2406 Hiltgundi
834 2354 925 2394 fecit
955 2354 1163 2407 sponsalia
1192 2354 1291 2402 rite,

286 2458 378 2489 1420
404 2455 477 2490 Nec
502 2450 612 2491 solum
638 2470 690 2492 me
717 2459 775 2491 sed
803 2462 944 2492 cunctos
972 2468 1074 2502 super
1101 2458 1228 2491 eminet
1251 2458 1352 2491 armis
1379 2458 1417 2490 B.
1484 2458 1572 2490 1424

214 2517 357 2549 scut-ruti
390 2517 429 2552 B.
508 2520 588 2550 ¹431
620 2519 755 2561 quando
781 2529 862 2551 cura
888 2520 927 2553 Α.
1001 2520 1091 2552 1437
1119 2518 1248 2552 uidebis
1275 2520 1313 2552 A.
1382 2520 1464 2551 1441
1497 2519 1572 2561 pul-

215 2580 282 2607 tam
310 2577 348 2607 A.
404 2577 495 2610 1442
522 2577 584 2611 hoc
612 2579 737 2622 pariter
763 2579 823 2613 tibi
850 2578 979 2613 uictum
1002 2579 1134 2613 confert
1154 2583 1193 2613 Α.
1246 2581 1336 2612 1443
1357 2582 1510 2612 coactum
1532 2578 1572 2618 Β,

218 2636 304 2666 1448
332 2634 410 2667 fehlt
449 2640 484 2669 A.
