1721 2938
118 327 198 363 515

433 96 475 139 R
488 96 530 140 U
546 97 584 139 O
603 96 642 139 D
658 96 694 139 11
710 96 731 138 Ι
746 96 782 139 Ε
800 97 835 139 Β
897 94 1047 152 fragm.
1077 95 1153 138 III.
1380 98 1460 142 157

261 249 421 290 Sanctis
451 251 680 290 committas
708 250 789 289 illis
821 258 880 300 te,
912 251 978 290 vel
1007 248 1260 289 benedicas:

259 323 325 363 Sic
356 325 428 362 ubi
457 325 671 376 pulsetur,
701 331 783 363 aut»
801 324 835 361 si
868 337 950 375 quo
978 323 1099 361 missa
1129 332 1308 372 canatur,

256 393 492 434 Desceuclas
523 396 573 433 ab
607 408 713 447 equo
744 407 913 434 currens
943 394 1125 434 velocius
1152 394 1238 443 illo,

256 467 515 506 Kattholicae
547 466 637 518 paci
670 479 754 518 quo
785 467 915 518 possis
943 466 1194 518 participari.

256 537 346 576 Hoc
376 538 454 575 iter
482 538 578 575 haut
608 538 771 587 longai,
813 539 974 588 penitus
1012 537 1087 574 tibi
1117 538 1216 589 quin
1247 539 1465 598 breviabit,

256 609 404 647 Tutius
434 617 472 648 ct
498 608 638 657 vadis,
672 610 831 647 hostem
868 609 1002 647 miuus
1033 617 1156 660 atque
1183 611 1358 651 timebis.
1380 635 1436 642 -—

116 678 478 736 52011)Abnui10
506 694 754 734 numquam,
791 681 824 719 si
848 690 886 720 te
919 694 1066 732 cogens
1090 682 1216 722 homo
1245 684 1463 737 quisquam

255 752 355 795 Oret
384 768 522 793 amore
551 753 610 805 pii
639 753 792 803 jejunia
824 754 1012 805 frangere
1045 755 1211 804 Christi,

253 826 350 865 Non
380 841 426 866 ea
459 840 551 865 nam
580 826 752 876 frangis,
785 840 858 865 sua
889 826 959 867 sed
990 827 1180 868 mandata
1201 829 1462 881 replebiS.—-

156 897 227 951 12)
258 898 301 937 Si
330 898 403 937 tibi
435 899 514 937 sint
544 907 698 950 segetes
728 912 859 950 prope
890 900 1044 951 plateas
1073 900 1294 949 generales,

117 1048 197 1083 525

116 1408 199 1444 530

118 1766 199 1815 535

254 971 349 1010 Nou
384 969 506 1009 facias
540 971 690 1018 fossas,
720 984 962 1023 progressus
995 972 1208 1012 ulteriores

257 1045 304 1082 lu
335 1052 421 1083 sata
452 1058 502 1082 ne
531 1042 654 1091 fiant,
687 1058 781 1081 nam
813 1044 942 1082 fossas
973 1042 1224 1083 circueundo

257 1116 393 1155 Strata
425 1116 468 1155 fit
499 1117 704 1168 utrimque
736 1129 809 1168 per
843 1116 994 1155 siccum
1027 1124 1146 1166 gente
1175 1125 1360 1165 meante3

256 1188 299 1227 Si
333 1203 414 1228 non
439 1187 630 1237 sedisses,
662 1187 856 1227 damnum
886 1189 1022 1228 minus
1043 1190 1139 1228 hinc
1157 1189 1465 1228 hnbuisses.'—

254 1261 365 1299 Dum
386 1275 461 1299 rex
492 1260 685 1300 conticuit
715 1261 916 1312 sapientia
944 1263 1155 1314 verbaque
1182 1260 1285 1310 finit,
1464 1277 1615 1316 somn),

257 1333 391 1371 Ambo
421 1331 666 1383 prodibant,
694 1346 769 1371 rex
803 1333 930 1386 inque
962 1318 1112 1372 throno
1143 1332 1361 1384 residebat,

256 1405 307 1443 Et
336 1403 478 1443 laudat
508 1404 660 1443 cunctis
692 1404 887 1443 virtutem
916 1405 1055 1443 militis
1085 1407 1187 1454 ejus.

254 1475 433 1514 Econtra
467 1488 655 1513 murmur
683 1475 924 1514 laudantum
953 1475 1264 1527 multiplicatur.

253 1544 336 1593 Qui
366 1554 498 1596 grates
527 1546 612 1598 regi
642 1549 798 1600 populo
817 1548 1033 1599 referebat
1065 1555 1102 1586 et
1133 1547 1261 1586 omni.

255 1618 346 1657 Rex
376 1619 454 1658 ait:
493 1619 562 1659 ‘ito
596 1618 764 1660 domum
796 1628 1035 1659 cunctorum
1069 1620 1215 1671 plenus
1243 1620 1463 1668 honorum,

255 1691 393 1743 Atque
423 1689 517 1730 vide
547 1700 720 1731 matrem
747 1700 958 1744 totamque
988 1699 1102 1730 tuam
1136 1691 1291 1743 pariter
1318 1705 1420 1739 rem,

260 1762 305 1802 Si
333 1770 449 1815 potes
480 1764 522 1802 in
552 1749 683 1816 patria
712 1772 846 1802 tamen
881 1776 966 1802 esse
996 1771 1067 1803 tua
1096 1765 1208 1804 velut
1238 1764 1326 1812 ista,

255 1833 425 1874 Solvere
456 1834 572 1887 sique
603 1835 732 1875 velint
763 1834 921 1875 domini
953 1849 1057 1888 quae
1089 1836 1260 1888 polliciti
1290 1844 1400 1876 sunt.

261 1904 344 1954 Qui
374 1907 407 1945 si
438 1907 581 1945 fallant
609 1914 674 1954 te,
708 1905 822 1946 decet
848 1915 894 1946 ut
928 1908 1126 1947 fallantur
1156 1916 1192 1947 et
1227 1922 1249 1946 a
1280 1917 1331 1957 te,

258 1978 345 2017 Nec
382 1978 592 2017 famuleris
619 1978 675 2016 eiS
707 1980 856 2017 totiens
898 1978 1065 2022 delusus
1098 1981 1147 2018 ab
1183 1980 1278 2019 illis.

254 2051 371 2091 Nulli
399 2049 548 2091 servito
580 2062 703 2102 parco
730 2050 850 2089 nimis
882 2058 951 2088 aut
979 2051 1214 2091 inhonesto.

120 2124 201 2163 540
261 2121 305 2162 Si
335 2123 409 2162 tibi
431 2123 659 2172 contingat,
690 2122 850 2160 animus
880 2130 974 2161 tuus
1002 2123 1112 2162 uude
1144 2124 1315 2171 vacillet,

262 2192 446 2233 Taedeat
475 2202 518 2232 ut
550 2194 706 2245 patriae
737 2193 930 2245 propriae
958 2203 1022 2243 te,
1057 2196 1091 2234 si
1121 2196 1272 2247 repetis
1303 2209 1380 2244 me,

257 2265 452 2316 Ejusdem
480 2267 585 2306 velle
618 2275 759 2306 contra
787 2274 827 2305 te
856 2267 1065 2318 repperies
1090 2281 1169 2317 me,

261 2337 356 2386 Quo
388 2353 498 2377 nunc
528 2347 566 2377 te
594 2339 769 2392 linquo:
820 2337 992 2378 dubium
1022 2353 1106 2379 uon
1137 2341 1260 2390 hujus
1291 2341 1467 2382 habeto.'

260 2409 357 2448 Post
387 2418 534 2450 nuerat
566 2409 691 2461 digito
722 2424 821 2463 prae
852 2423 894 2449 se
923 2411 1046 2450 stanti
1078 2412 1377 2463 paranympho,

125 2482 206 2520 545
263 2479 315 2518 Et
348 2480 426 2519 sibi
456 2482 642 2520 secretim
674 2482 723 2521 de
754 2495 869 2522 more
902 2491 1088 2522 susurrat
1116 2484 1158 2522 in
1190 2496 1343 2531 aurem,

263 2553 364 2591 Illuc
393 2560 440 2591 ut
468 2566 587 2604 peras
621 2555 867 2593 camerarius
904 2556 1046 2594 afferat
1076 2556 1179 2604 illas,

265 2625 310 2663 In
338 2625 488 2678 quibus
516 2625 561 2681 lxi
588 2637 716 2677 panes
744 2625 907 2665 fuerant
936 2627 1047 2665 intus
1077 2626 1314 2678 locupletes,
