1721 2938
219 116 297 158 194
505 117 910 160 RUODLIEB
969 119 1121 174 fragm.
1153 119 1265 162 XVI.

326 271 589 313 Tantundem
619 273 768 322 liebes,
808 282 1007 326 quantum
1037 273 1173 313 veniat
1204 273 1326 314 modo
1356 277 1514 325 loiibe3‚

326 345 378 384 lit
406 347 622 385 volucrum
656 359 814 385 wunna
845 354 947 398 quot
976 355 1094 396 sunt,
1125 347 1201 386 sibi
1219 346 1282 387 dic
1299 362 1387 388 mea
1410 350 1562 398 minna,

328 418 538 457 Graminis
567 425 604 456 et
637 417 785 458 florum
816 427 1015 472 quantum
1048 419 1118 468 sit,
1155 420 1217 459 die
1251 429 1288 460 et
1319 422 1564 462 honorum.”

217 494 267 528 70
328 487 507 537 Quando
536 489 700 530 licentia
733 505 815 544 quo
849 491 969 531 detur
999 493 1098 531 mihi
1129 494 1192 532 vel
1224 494 1410 544 rogitavi,

327 561 530 603 obmutui
558 564 695 604 subito
724 565 789 604 vel
820 564 878 613 ei,
915 564 1014 618 quid
1046 566 1096 604 sit
1127 565 1251 615 mihi,
1280 565 1384 616 dieo,

327 634 515 677 Oblitum
546 637 768 688 simulans,
806 646 877 677 tua
909 651 993 676 non
1025 639 1104 677 sibi
1134 638 1243 678 dona
1272 639 1448 679 dedisse.

323 706 440 756 Quae
462 708 561 749 dum
589 711 779 763 suscepit,
810 709 860 750 de
897 726 960 750 me
989 710 1204 760 jubilando
1235 713 1413 751 recessit.

323 782 423 822 Post
454 782 660 823 modicum
693 782 815 823 rediit
844 784 964 823 nimis
998 783 1261 835 indignanter
1291 794 1330 824 et
1361 785 1520 838 inquit:

212 857 292 898 75,
325 855 431 894 “Dic
464 856 588 906 mihi,
619 855 653 895 si
683 856 817 905 nosti,
857 855 956 909 quid
987 857 1067 897 sint
1097 871 1202 910 quae
1234 857 1342 898 dona
1373 855 1564 898 tulisti?”

320 927 463 967 Juravi
491 942 566 980 per
596 942 712 977 eum,
757 929 829 981 qui
859 937 1005 968 cuncta
1037 929 1110 968 scit
1141 931 1478 982 omnipotentem,

322 999 562 1053 Numquam
594 999 768 1050 vidisse,
808 1002 970 1053 penitus
1001 1000 1100 1054 quid
1132 1002 1213 1041 sint
1244 1017 1290 1042 ea
1317 1003 1433 1051 scire,

323 1071 428 1111 Nam
461 1072 679 1123 sigillatum
709 1073 843 1125 patuit
874 1074 976 1113 mihi
1004 1075 1108 1113 scire
1139 1083 1342 1126 negatum..

323 1144 443 1184 Tunc
473 1145 530 1185 ait
557 1145 653 1186 illa:
695 1146 794 1186 “tuo
837 1145 901 1186 dic
935 1134 1157 1187 contribuli
1187 1147 1253 1188 vel
1279 1147 1423 1196 amico,

212 1220 265 1255 80
323 1215 512 1270 Usquam
545 1218 580 1257 si
610 1220 749 1258 nuilus
782 1219 845 1259 vir
874 1221 966 1271 plus
999 1221 1107 1260 foret
1134 1219 1168 1259 is
1200 1220 1279 1259 nisi
1309 1221 1433 1267 solus,

326 1290 400 1328 Ille
440 1291 508 1329 vel
538 1290 581 1329 in
614 1289 749 1331 dotem
781 1292 883 1331 mihi
913 1291 1114 1331 mundum
1150 1294 1184 1331 si
1215 1292 1331 1332 daret
1360 1307 1536 1345 omnem,

322 1361 494 1403 Nubere
523 1365 622 1405 nolo
653 1364 744 1413 sibi,
776 1363 838 1402 dic
872 1372 916 1403 tu
950 1365 1159 1405 veraciter
1188 1366 1285 1405 illis

323 1434 446 1476 Nunc
469 1450 573 1490 opus
607 1444 666 1476 est
689 1436 822 1486 aliam,
849 1450 947 1476 reor
967 1445 1023 1487 ut,
1048 1437 1150 1476 mihi
1170 1451 1339 1489 poscere
1354 1450 1561 1490 sponsam,

325 1505 442 1555 Quae
474 1521 557 1547 non
589 1507 740 1549 furtive
771 1521 895 1560 quem
928 1516 1087 1547 suescat
1118 1522 1254 1547 amare
1284 1521 1410 1560 super
1442 1505 1533 1546 me?

212 1718 262 1753 85
325 1692 417 1749 Sed
444 1707 622 1749 Rb'dlieb
653 1718 808 1760 mater,
840 1709 1130 1765 quodcumque
1163 1719 1319 1764 potest,
1350 1720 1544 1764 operatur

320 1787 367 1825 In
402 1785 557 1826 Christi
587 1787 780 1835 miseros,
812 1785 979 1836 viduas,
1007 1789 1154 1836 orbos,
1187 1790 1441 1840 peregrinos.

322 1857 426 1898 Inde
458 1860 716 1907 merebatur,
748 1858 860 1911 quod
894 1858 1070 1899 Rbdlieb
1103 1860 1221 1900 valde
1252 1863 1412 1907 beatur,

322 1931 514 1984 Namque
546 1932 700 1971 revelat
730 1932 788 1981 ei,
817 1932 915 1972 velit
948 1933 1058 1971 hunc
1094 1947 1216 1985 quam
1247 1932 1490 1983 glorificare.

321 2006 369 2044 ln
401 2004 556 2044 somnis
589 1999 774 2055 geminos
805 2005 892 2044 vice
925 2004 1104 2058 quadam
1134 2005 1293 2044 viderat
1324 2019 1460 2057 apros,

212 2083 264 2117 00
323 2078 411 2116 Hos
441 2076 691 2130 grandisque
723 2091 844 2116 suum
878 2078 1096 2117 comitatur
1127 2077 1246 2116 dente
1277 2078 1483 2127 minaeum

324 2151 490 2196 Turba,
523 2151 635 2189 velut
669 2151 820 2189 bellum
853 2164 943 2188 cum
980 2149 1156 2188 Rbdlieb
1186 2151 1290 2190 inire
1316 2152 1560 2190 minantum.

322 2224 393 2261 Ille
425 2221 694 2275 sedsutrique
728 2231 850 2274 caput
881 2236 981 2274 apro
1013 2220 1152 2274 diripit
1183 2237 1291 2270 ense,

328 2294 535 2347 Quodque
564 2308 683 2333 suum
720 2295 852 2333 suerat
882 2295 1125 2342 ferientum,
1157 2303 1291 2344 strage
1323 2293 1503 2334 cadebat.

325 2369 423 2407 Post
453 2376 584 2406 mater
613 2366 741 2405 tiliam
772 2367 895 2405 latam
925 2365 1036 2405 videt
1069 2375 1107 2405 et
1139 2367 1260 2405 nimis
1294 2369 1427 2416 altam,

214 2446 264 2480 Os}
325 2442 371 2479 lu
405 2443 519 2488 cujus
550 2453 709 2479 summo
739 2438 919 2479 residere
951 2439 1160 2477 cacumine
1193 2439 1354 2477 fulchro

63 2524 211 2559 {0133st
328 2512 504 2552 Rbdlieb
537 2513 753 2561 cernebat,
793 2514 896 2552 cirea
928 2526 1050 2565 quem
1081 2513 1257 2564 piurima
1289 2514 1419 2552 stabat

326 2584 372 2622 ln
405 2584 527 2623 ramis
560 2585 681 2623 turba
711 2585 837 2624 veluti
869 2586 1021 2623 bellare
1054 2592 1210 2635 parata.

326 2656 422 2695 Post
453 2655 656 2696 modicum
691 2657 809 2698 nivea
841 2658 953 2698 venit
983 2658 1165 2708 speciosa
1194 2656 1396 2702 columba,
