1721 2938
435 105 478 148 R
493 104 534 148 U
550 106 589 148 Ο
603 104 644 147 D
662 105 696 147 L
714 105 733 147 Ι
750 104 786 147 E
805 104 837 147 Β
898 105 1051 160 fragm.
1077 103 1155 145 111.
1393 104 1471 146 141

266 261 350 298 Dat
379 261 482 309 sibi3
516 273 596 312 qua
629 261 715 311 regi
744 262 961 312 praeberet
990 260 1139 313 pocula
1171 259 1267 300 vini.

124 333 206 373 240
266 333 349 372 Dat
364 334 428 371 vel
447 347 598 386 equum
626 334 786 377 sortem,
803 334 973 372 celerem
991 333 1112 371 nimis
1133 331 1474 386 aequipedantem,

267 407 472 445 Auratum
505 406 669 443 frenum
697 405 912 456 pulchram
943 405 1196 458 faleramque
1227 414 1448 456 gerentem,

269 478 320 516 Et
353 476 420 516 dat
449 477 642 524 loricam,
678 484 792 516 tutus
824 478 955 517 valeat
985 477 1073 518 sore
1098 491 1175 529 per
1203 492 1326 530 quam

267 550 313 588 In
346 548 492 601 quovis
524 549 633 587 bello
666 549 875 588 communi
905 549 990 588 six'e
1023 548 1175 590 duello.

261 621 411 660 Ensem
444 623 509 661 vel
537 622 692 672 galeam
723 621 801 660 sibi
831 621 1056 660 lanceolam
1090 621 1156 662 dat
1188 630 1362 662 acutam.

125 695 207 733 245
273 692 355 741 Qui
386 682 642 733 famulantur
673 694 723 742 ei,
755 692 962 734 donantur
994 695 1159 748 utrique
1190 695 1329 734 clienti

268 768 414 806 Vestes
445 765 564 806 valde
595 768 730 805 bonae
759 779 1005 820 semperque
1041 766 1152 807 domi
1181 768 1258 807 sibi
1287 782 1420 808 rarae.

264 841 441 892 Insuper
471 839 520 878 ad
553 840 661 879 bella
692 840 770 879 sibi
802 853 980 891 congrua
1016 841 1218 893 praestitit
1247 856 1374 884 arma.

262 913 378 953 Misit
408 926 635 965 praecones
667 921 850 964 satrapas
888 915 1138 967 comitesque
1173 914 1394 964 vocandos,

264 987 328 1026 Ad
349 996 506 1026 curtem
526 986 693 1027 veniant
714 1000 796 1038 quo
826 986 945 1037 regiS,
981 1001 1103 1039 quam
1127 988 1280 1039 optime
1305 987 1477 1039 possint,

123 1065 206 1101 250
265 1060 317 1098 Et
351 1073 488 1098 secum
522 1059 679 1098 ferrent
712 1057 789 1097 sibi
819 1072 923 1111 quae
954 1060 1019 1098 vel
1051 1061 1167 1112 equis
1200 1074 1304 1112 opus
1342 1068 1477 1099 essent

260 1131 324 1172 Ad
356 1140 437 1171 tres
471 1130 719 1171 ebdomadas
750 1145 886 1170 secum
918 1144 988 1169 seu
1021 1134 1112 1183 plus
1143 1133 1430 1175 remanendas.

259 1204 361 1242 Illuc
393 1203 606 1256 pontifices
639 1205 868 1243 invitantur
896 1204 1114 1255 sapientes,

265 1277 533 1330 Abbatesque
563 1277 620 1329 pii
651 1276 767 1317 scioli
807 1277 912 1315 bene
947 1276 1168 1317 consiliari.

756 1512 833 1555 111.

124 1618 143 1653 1
235 1589 574 1665 [Congfflegium
605 1608 685 1647 lata
718 1608 841 1647 curtis
875 1606 952 1647 suit
985 1608 1343 1661 amphiprehensa,
1493 1625 1624 1660 ὤμω,

235 1686 337 1735 Quae
368 1685 504 1727 medio
535 1700 684 1734 vacua,
716 1685 846 1725 scenis
879 1684 978 1724 soris
1012 1684 1195 1738 undique
1225 1696 1351 1738 septa,

231 1758 325 1808 Qua
357 1773 447 1798 cum
479 1758 739 1811 praesulibus
769 1758 987 1797 abbatibus
1020 1766 1059 1797 et
1090 1757 1293 1798 duodenis

229 1834 373 1872 Posset
404 1830 608 1884 prandere
644 1844 869 1870 coenareve
909 1840 968 1870 sat
998 1832 1189 1883 spatiose.

119 1909 141 1943 5
230 1904 348 1943 Curti
372 1888 612 1953 *contiguum
645 1908 722 1941 stat
757 1899 980 1941 tentorium
1012 1902 1107 1940 satis
1137 1903 1320 1954 amplum

231 1974 338 2013 Solis
369 1973 417 2012 ad
451 1981 665 2019 exortum,
707 1971 756 2011 de
788 1986 871 2024 quo
910 1985 1087 2024 posuere
1117 1972 1365 2024 podismum,

227 2045 354 2095 Cujus
388 2043 438 2084 ad
483 2053 714 2083 exn-emunt
747 2043 927 2084 fixerunt
967 2044 1233 2096 papilionem,

229 2119 276 2157 In
309 2132 392 2171 quo
425 2126 534 2156 stans
569 2130 706 2156 mensa
737 2117 882 2156 vestita
913 2117 990 2156 suit
1020 2119 1130 2157 velut
1160 2132 1245 2167 ara,

228 2189 363 2239 Quam
398 2203 522 2242 super
559 2197 619 2229 est
649 2190 782 2242 posita
811 2189 918 2240 regis
956 2202 1059 2228 crux
1089 2199 1127 2230 et
1158 2188 1357 2240 diadema,

120 2267 170 2302 10
231 2260 323 2310 Qua
355 2263 499 2302 missae
530 2262 615 2313 regi
646 2264 749 2302 solet
779 2261 960 2303 officium
990 2264 1189 2303 celebrari

227 2335 484 2374 Matutiualis
519 2344 557 2374 et
586 2335 821 2387 vespertina
851 2336 1019 2389 synaxis

230 2404 430 2446 Cursibus
457 2407 642 2448 inmixtis
675 2407 763 2448 aliis
794 2407 844 2448 de
877 2422 990 2449 more
1024 2407 1196 2448 diurnis.

212 2595 233 2625 6
277 2592 330 2625 bei
353 2589 549 2636 podismum
574 2601 628 2625 am
653 2591 736 2626 rand
759 2592 814 2627 die
832 2571 952 2637 'glossa
974 2604 1086 2639 gang,
1161 2594 1201 2624 11
1224 2590 1278 2624 bei
1303 2589 1466 2636 synalrim

117 2653 172 2686 die
198 2653 314 2695 glosse
339 2663 465 2685 cursus
488 2651 542 2685 vel
569 2650 670 2685 Ιιονα.
