1721 2938
227 135 283 177 30
662 132 1160 176 WALTIIARIUS.

369 290 426 328 Ac
459 286 585 328 veluti
613 286 784 323 coluber
813 285 945 335 girum
977 284 1168 323 collectus
1198 285 1237 323 in
1277 300 1426 335 unum,

366 362 467 400 Tela
498 367 556 397 tot
586 357 732 405 evitas,
774 358 906 396 tenuis
940 357 1027 395 sine
1059 358 1241 396 vulneris
1273 357 1352 395 ictu
1367 355 1387 394 ἰ’

368 435 504 484 Atque
536 438 757 469 venenatas
787 426 895 467 ludis
929 428 1015 467 sine
1047 442 1161 467 more
1192 426 1385 479 sagittas?

231 512 309 546 795
369 500 584 555 Numquid
615 510 652 540 et
684 501 783 550 iste,
819 508 960 552 putaS‚
1000 509 1088 539 astu
1118 501 1316 551 vitabitur
1346 501 1470 548 ictus,

367 573 499 623 Quem
531 573 703 625 propius
732 572 874 611 stantis
906 580 1016 611 certo
1047 572 1264 611 libramine
1296 571 1416 611 miuit

366 647 524 685 Dextra
539 643 708 683 manus?
729 658 861 697 neque
876 645 984 682 enim
998 644 1031 683 is
1045 646 1220 683 telorum
1232 644 1412 683 vulneris
1426 651 1581 690 auctor,

366 717 476 756 Audi
508 716 748 764 consilium,
785 730 968 767 parmam
1003 715 1199 768 deponito
1229 716 1402 767 pictam:

366 790 482 828 Hanc
504 803 594 828 mea
616 802 704 828 sors
727 788 907 841 quaerit,
936 788 1041 839 regis
1061 803 1226 842 quoque
1246 789 1412 840 sponsio
1433 796 1581 840 patrat,

230 867 310 900 800
367 862 478 901 Nolo
507 860 671 913 quidem
702 859 861 910 laedas,
900 861 1027 899 oculis
1055 860 1169 913 quod
1201 863 1422 913 complacet
1453 860 1554 898 istis.

367 932 438 971 Sin
474 934 592 980 alias,
632 933 724 971 licet
756 941 795 971 et
826 933 958 970 lucem
988 933 1091 971 mihi
1121 932 1344 984 dempseris
1371 933 1539 979 almam,

368 1004 521 1041 Assunt
551 1003 616 1040 hic
646 1003 784 1053 plures
815 1002 915 1041 socii
945 1003 1161 1055 carnisque
1194 1003 1442 1056 propinqui,

367 1072 470 1123 Qui,
502 1074 689 1126 quamvis
715 1076 926 1115 volucrem
952 1075 1102 1114 similes
1125 1089 1364 1127 pennasque
1384 1087 1580 1126 capessas,

368 1146 428 1184 Te
459 1153 594 1184 tamen
624 1146 851 1185 immunem
884 1160 1099 1199 nunquam
1130 1147 1341 1198 patiantur
1371 1144 1511 1184 abire?

228 1222 309 1256 305
368 1216 546 1267 Belliger
578 1225 618 1255 at
647 1218 877 1278 contra'nil
909 1219 1072 1258 territus
1104 1218 1240 1257 intulit
1268 1217 1345 1257 ista

366 1289 455 1326 ‘De
483 1289 653 1341 reliquis
685 1298 821 1338 taceo,
860 1291 1035 1342 clipeum
1071 1290 1292 1331 defendere
1324 1304 1439 1330 curo.

368 1361 450 1400 Pro
485 1361 658 1410 meritis,
698 1361 800 1400 mihi
831 1361 973 1412 crede,
1012 1364 1132 1402 bonis
1161 1376 1253 1402 sum
1285 1361 1448 1402 debitor
1477 1361 1548 1401 illi.

364 1432 562 1471 Hostibus
593 1433 667 1471 iste
699 1435 798 1473 meis
829 1448 870 1474 se
901 1437 1113 1486 obponere
1143 1448 1264 1486 saepe
1292 1434 1473 1481 solebat,

366 1504 417 1544 Et
451 1519 527 1556 pro
559 1507 800 1546 vulneribus
832 1508 1009 1559 suscepit
1042 1508 1213 1547 vulnera
1245 1504 1412 1546 nostris.

229 1581 311 1616 810
369 1575 503 1625 Quam
535 1577 584 1616 sit
617 1587 846 1629 oportunus
877 1578 1001 1619 hodie
1030 1580 1132 1618 mihi
1166 1580 1320 1628 cerniS‚
1356 1587 1395 1618 et
1424 1578 1511 1630 ipse

365 1650 463 1689 Non
494 1664 585 1690 cum
612 1650 851 1690 Walthario
880 1652 1132 1704 loquereris,
1172 1653 1311 1691 forsan
1343 1651 1527 1691 abesset)

363 1722 555 1761 ‘Viribus
586 1736 610 1762 o
640 1723 810 1762 summis
839 1724 998 1763 hostem
1030 1723 1234 1775 depellere
1264 1738 1406 1772 cures,

365 1793 553 1833 Dextera
583 1809 634 1833 ne
663 1795 798 1847 rapiat
827 1795 901 1835 tibi
930 1797 1241 1848 propugnacula
1270 1796 1405 1835 muri.‘

369 1866 457 1903 ‘Tu
491 1867 650 1906 clavum
680 1869 874 1907 umbonis
906 1867 1068 1907 studeas
1097 1869 1274 1907 retinere
1304 1868 1487 1917 sinistra,

228 1939 307 1975 815
367 1937 500 1989 Atque
533 1938 649 1977 ebori
680 1936 825 1989 digitos
858 1939 1075 1979 circumfer
1104 1938 1258 1989 glutine
1288 1938 1420 1978 fixos?

368 2009 441 2047 Ille
475 2007 623 2048 dehinc
657 2011 830 2051 ‘invitus
859 2025 972 2062 ages,
1014 2011 1048 2050 si
1078 2019 1224 2062 sponte
1253 2022 1430 2049 recusas.

366 2079 460 2117 Istic
492 2078 675 2132 deponas
706 2081 890 2134 pondus,
929 2082 1042 2135 quod
1071 2091 1185 2122 tanta
1215 2082 1376 2122 viarum

370 2150 549 2190 Portasti
578 2154 708 2204 spatia
738 2168 789 2193 ex
818 2155 999 2194 Avarum
1034 2168 1127 2192 uam
1159 2153 1322 2193 sedibus
1353 2152 1456 2192 altis.

366 2220 453 2260 Nec
474 2225 608 2262 solum
632 2239 838 2276 parmam,
863 2225 935 2264 sed
956 2240 1109 2278 equum
1132 2240 1221 2264 cum
1242 2224 1401 2275 virgine
1419 2233 1455 2263 et
1477 2238 1578 2263 auro

230 2298 310 2332 820
368 2294 551 2346 Reddes,
584 2306 670 2337 tum
701 2297 864 2337 demum
895 2301 1093 2339 scelerum
1124 2298 1371 2337 cruciamina
1400 2296 1580 2349 pendes!

321 2429 390 2459 793
423 2429 515 2460 tenui
549 2430 589 2463 A.
611 2429 653 2464 B.
678 2430 716 2464 C.
798 2433 869 2464 797
903 2441 965 2464 nec
999 2430 1039 2465 C.
1124 2433 1193 2463 797
1228 2429 1287 2462 teli
1320 2439 1379 2461 seu
1413 2429 1452 2461 Α.
1476 2428 1516 2460 Β.
1539 2427 1578 2468 C,

231 2487 376 2520 telorum
404 2493 555 2522 vermute
585 2488 648 2523 ich.
721 2494 791 2524 799
825 2494 963 2535 sponsio
989 2496 1140 2536 praestat
1164 2493 1206 2526 B.
1279 2493 1348 2523 803
1375 2490 1512 2522 simules
1538 2489 1577 2522 C.

229 2548 299 2577 808
329 2547 401 2588 ipse
419 2549 459 2583 C.
519 2552 587 2582 813
615 2553 860 2594 propugnaculi
888 2553 928 2587 B.
988 2556 1057 2586 814
1082 2553 1203 2586 clivum
1224 2552 1263 2586 C.
1280 2551 1321 2584 E.
1348 2552 1518 2583 sinistrum
1537 2550 1578 2585 C.

230 2609 299 2639 816
332 2607 421 2641 steht
454 2610 486 2642 in
521 2612 608 2644 allen
644 2611 710 2645 hss.
736 2618 805 2646 erst
838 2613 920 2646 nach
956 2617 1037 2648 817.
1058 2616 1138 2646 818.
1219 2615 1288 2644 816
1317 2612 1392 2653 agis
1421 2611 1515 2645 AB.
1537 2610 1575 2642 C.

230 2669 298 2699 317
326 2678 366 2700 ¹¹⁸
394 2679 498 2711 POHUS
523 2671 562 2705 B.
600 2673 690 2714 quod
718 2678 808 2708 tanta
835 2673 966 2717 pondus
992 2676 1031 2707 A.
1104 2675 1175 2704 820
1200 2672 1402 2705 cruciamine
1429 2671 1467 2702 C-
