1721 2938
640 81 978 124 ECBASIS.
1405 84 1488 126 ‘263

140 163 880 173 ..—.————-—————————————
888 162 1388 171 ———--———-

275 236 423 276 Audiet
455 245 494 276 et
521 236 659 275 liricae
690 235 970 276 modulamina
1003 237 1106 277 celsa
1138 239 1312 287 puellae.

136 315 218 349 600
278 309 372 350 Non
406 308 521 349 decet
552 317 762 360 aegrotum
798 317 911 348 tanto
943 308 1209 349 medicamine
1240 319 1387 351 tectum

269 384 372 423 Tam
404 383 483 421 cito
517 395 559 420 se
589 380 743 420 sociare
775 388 889 429 toro,
931 393 1005 419 nec
1037 383 1207 432 jungere
1239 382 1362 433 disco,

271 458 324 495 At
357 454 502 493 domus
534 453 632 491 haec
663 451 819 491 domiui
850 451 1042 503 pingatur
1074 453 1174 492 flore
1201 458 1367 504 recenti,

273 528 453 567 Cortinis
485 524 640 565 croceis
678 537 754 575 per
783 525 903 574 longa
934 526 1083 576 putatia
1114 527 1261 578 tensis;

273 598 416 637 Cetera
452 599 683 638 formemur
713 597 825 635 velut
859 609 957 635 usus
989 598 1094 648 regis
1130 599 1332 639 habetur?

130 674 208 708 605
268 670 458 723 Namque
490 683 637 708 manus
671 669 805 720 vulpis
839 677 1035 708 sustentat
1067 672 1250 710 membra
1282 674 1409 712 leonis

271 748 330 785 Ac
360 746 468 784 latus
499 745 655 795 aegroti
685 743 837 782 ducens
872 758 947 794 per
982 744 1063 783 titia
1091 747 1210 797 prati,

267 816 353 856 Nec
386 830 456 868 pes
490 816 549 854 ire
580 815 710 863 valet,
739 829 812 854 nec
844 814 984 853 cervix
1014 817 1222 867 praevalet
1254 817 1326 855 itti.

607 886 828 940 leopardus
860 887 987 939 vulpi.

267 960 435 998 Turbae
469 958 692 1009 condoleo,
728 960 865 1000 triduo
895 965 973 1010 jam
1007 958 1177 999 sustinet
1210 969 1340 1008 antro,

262 1033 402 1073 Esurit
433 1041 557 1086 atque
587 1034 692 1084 sitit,
725 1036 866 1083 jejuno
898 1032 1020 1072 corde
1053 1033 1210 1081 fatiscit,

124 1110 205 1146 610
264 1108 347 1146 Pro
378 1108 524 1147 morbo
556 1107 661 1158 regis
693 1115 921 1146 conventus
952 1105 1143 1144 condolet
1175 1106 1321 1153 omnis,

263 1180 335 1219 Nil
367 1180 460 1219 salsi
493 1180 681 1229 simulat,
724 1179 792 1219 sed
830 1180 957 1218 amica
988 1193 1086 1230 pace
1119 1179 1279 1226 salutat,

262 1254 326 1292 'I'u
360 1266 610 1306 quocunque
643 1253 760 1303 jubes
789 1267 870 1290 una
901 1261 997 1291 sunt
1027 1266 1126 1291 voce
1157 1260 1388 1303 sequentes,

261 1323 531 1377 Diversisque
565 1324 696 1364 modis
728 1333 797 1364 tua
830 1326 1088 1363 curabuntur
1120 1325 1169 1361 ab
1200 1324 1308 1368 istis;

259 1396 364 1435 Ecce
396 1398 496 1437 casis
531 1397 677 1436 clausis
712 1396 893 1435 consedit
926 1399 1045 1436 turba
1080 1395 1225 1435 fidelis.

120 1472 199 1509 615
259 1470 367 1521 Ergo
404 1471 495 1509 save
527 1470 654 1518 votis,
688 1468 761 1522 qui
792 1483 932 1509 servas
961 1471 1100 1508 intima
1133 1471 1251 1520 regis,

259 1543 324 1582 Tu
358 1555 648 1596 quamcunque
682 1539 782 1580 deus
820 1541 891 1579 tibi
926 1542 1197 1581 fortunaverit
1228 1543 1386 1580 horam.

256 1614 312 1654 Ut
344 1616 492 1669 cuique
523 1623 580 1654 est
611 1622 742 1662 aetas,
772 1613 825 1653 ita
856 1628 1062 1667 quemque
1095 1616 1250 1654 facetus
1279 1612 1441 1665 adopta,

258 1686 353 1736 Quo
372 1690 421 1728 sit
440 1701 578 1727 amore
596 1700 757 1739 pareus,
774 1700 857 1739 quo
883 1688 1008 1727 frater
1030 1686 1229 1726 amandus
1250 1694 1286 1724 et
1305 1687 1468 1737 hospes,

254 1761 447 1800 Rusticus
480 1762 640 1800 urbano
674 1757 772 1813 quid
805 1758 923 1798 distet
956 1761 1087 1813 turpis
1119 1760 1320 1799 honesto)

149 1869 160 1876 .
710 1833 868 1883 vulpes.

117 1906 198 1941 620
260 1901 502 1942 ‘Consilium
537 1904 681 1943 melius
713 1917 966 1956 proavorum
1000 1917 1081 1942 non
1113 1902 1223 1942 dedit
1256 1904 1374 1950 ullus,

257 1976 344 2014 Nec
380 1977 543 2027 potiore
580 1977 671 2015 cibo
704 1978 818 2028 pavit
849 1978 940 2029 quis
972 1984 1158 2026 temporo
1191 1983 1319 2013 tanto.

259 2047 302 2086 Si
332 2048 439 2099 potis
473 2056 531 2087 est
562 2050 676 2099 fieri,
717 2051 865 2088 titubet
900 2064 950 2088 uo
981 2049 1109 2100 gratia
1145 2047 1298 2094 domni,

259 2119 372 2159 Dum
403 2119 549 2161 domus
580 2123 785 2161 excolitur
817 2122 1059 2173 generaliter
1086 2135 1175 2160 esca
1210 2129 1387 2172 paratur,

256 2189 338 2240 Qui
368 2194 522 2233 servire
554 2195 661 2233 valet
693 2195 776 2233 acri
809 2209 858 2233 ne
893 2193 1014 2233 deute
1044 2193 1235 2243 retardet,

119 2268 198 2303 625
260 2266 332 2304 Ille
365 2266 499 2304 cibum
536 2266 690 2319 capiat,
723 2267 890 2306 domino
924 2268 1000 2320 qui'
1026 2275 1172 2319 sponte
1204 2265 1432 2305 ministrat)

670 2339 906 2392 leopardus.

261 2410 407 2448 ‘Uncta
440 2413 534 2451 satis
567 2414 697 2465 spisso
730 2422 939 2466 ponentur
971 2411 1155 2451 oluscula
1184 2407 1315 2453 lardo,

257 2479 344 2519 Nec
375 2482 471 2519 satis
506 2491 588 2532 est,
618 2498 733 2534 cara,
763 2486 892 2536 pisces
923 2490 1108 2523 avertere
1139 2492 1288 2523 mensa,

161 2644 228 2674 615
280 2653 365 2685 quae
392 2643 532 2676 servas?
561 2643 627 2686 vgl.
655 2653 732 2677 cara
757 2646 842 2685 627,
871 2641 958 2676 doch
983 2651 1061 2675 care
1089 2642 1155 2673 707
1184 2638 1249 2672 und
1279 2648 1356 2671 eum
1384 2640 1463 2671 559.
