1721 2938
225 131 324 160 val

523 270 595 308 Est
627 277 905 318 conservatus,

524 339 582 378 Ut
613 348 699 378 erat
729 339 854 379 Jonas
905 341 1188 394 quarduanus.

435 418 471 452 6.
529 412 578 450 In
613 412 688 450 ceti
718 421 876 461 ventre,

526 482 660 522 Sensu
686 484 822 536 typice
858 485 1083 525 famulante

433 706 473 741 7.
533 729 544 740 .
603 730 614 740 .
673 729 683 739 .
741 729 752 740 .
812 729 823 740 .
879 709 1002 753 gesta,

527 771 644 820 Quae
676 781 768 824 post
798 772 896 812 fient
926 775 1155 823 manifesta,

523 845 632 885 Nam
665 844 852 883 defertur
879 846 1119 895 infantulus,

526 915 806 955 conservatus
835 916 1045 967 divinitus,

434 994 474 1028 8.
535 988 638 1027 Cum
671 989 842 1040 propria
871 991 1074 1039 navicula,

524 1061 603 1102 Per
633 1061 795 1100 marina
825 1061 1020 1114 pericula,

528 1133 794 1184 Veneratqne
825 1133 875 1172 ad
904 1133 1096 1182 insulam,

530 1202 645 1251 Quae
676 1206 926 1249 continebat,
942 1206 1143 1254 cellulam,

432 1284 472 1316 9.
535 1275 669 1323 Quam
699 1278 805 1315 vilae
836 1277 1084 1316 venerabilis

532 1349 636 1387 Cum
672 1349 809 1387 multis
841 1349 919 1387 sibi
949 1347 1123 1385 subditis

522 1420 606 1458 Piis
640 1429 808 1458 ornatus
840 1420 1024 1457 moribus

525 1492 665 1529 Abbas
696 1492 802 1529 rexit
835 1491 1073 1540 Gregorius.

407 1564 473 1600 10.
533 1560 615 1608 Qui
647 1561 752 1599 binis
794 1561 1068 1612 piscatoribus

530 1635 801 1684 Praeceperat
831 1634 1036 1682 attentius,

525 1705 581 1744 Ut
611 1714 908 1757 praepararent

529 1775 582 1814 Se
614 1775 796 1816 diluculo
835 1776 896 1826 [et
928 1777 1202 1827 navigarent.]

222 1842 314 1881 Der
343 1846 601 1897 strophische
632 1848 850 1899 grundsatz
883 1849 1039 1888 scheint
1069 1850 1148 1888 mir
1176 1850 1365 1900 bestzitigt
1389 1864 1443 1888 zu
1474 1864 1584 1890 wer-

223 1913 303 1952 den
335 1915 465 1956 durch
498 1922 537 1967 3,
560 1921 598 1968 4,
632 1922 788 1960 welche
823 1922 924 1959 zeile
953 1935 1055 1971 ganz
1088 1935 1138 1959 zu
1174 1920 1264 1960 dem
1297 1922 1477 1959 schlusse
1515 1919 1584 1959 des

222 1985 384 2026 Uuibos
415 1990 591 2041 stimmt,
619 1990 727 2030 daun
763 1991 893 2031 durch
921 1992 998 2031 den
1030 1993 1192 2042 grossen
1225 1994 1477 2032 buchstaben
1513 1991 1586 2032 der

222 2058 285 2097 hs.
318 2060 382 2098 bei
411 2060 468 2100 Ut
499 2064 537 2112 4,
574 2067 607 2112 1,
638 2065 784 2103 womit
816 2066 882 2103 ein
914 2066 1215 2103 11eue1·,absatz
1246 2065 1420 2114 begann.
1478 2064 1585 2102 VVas

222 2144 309 2169 nun
341 2133 442 2170 aber
471 2147 535 2172 am
566 2136 739 2174 meisten
784 2136 962 2182 auffissh,
1008 2134 1072 2173 die
1103 2138 1266 2184 jamben
1314 2133 1455 2188 (wenn
1490 2149 1584 2174 man

221 2202 279 2240 sie
311 2216 356 2242 so
396 2218 561 2244 nennen
608 2204 716 2259 will)
761 2208 981 2246 verrathen
1029 2207 1115 2245 sich
1157 2209 1215 2247 als
1260 2206 1585 2258 iiberarbeitung

221 2275 372 2314 alterer
416 2277 695 2317 leoninischer
741 2292 883 2329 verse,
936 2277 1001 2316 die
1053 2281 1381 2320 unverkennbar
1431 2278 1584 2318 durch-

220 2348 385 2388 blicken
416 2346 477 2401 *):

333 2422 376 2470 4,
405 2424 443 2460 1.
472 2425 511 2461 2.
541 2429 585 2462 ut
619 2421 914 2474 procedamus,
951 2437 1063 2462 nunc
1095 2422 1159 2462 his
1189 2422 1313 2461 finem
1344 2422 1555 2472 faciamus,

315 2570 352 2612 *)
378 2569 556 2606 hierdurch
583 2572 717 2607 werden
738 2573 794 2607 die
819 2572 935 2607 vorhin
965 2584 992 2606 s.
1005 2573 1175 2607 XXXVII
1200 2572 1435 2616 besprochnen
1456 2572 1583 2607 berilli-

221 2638 352 2671 rungen
382 2630 442 2664 des
469 2631 685 2667 hexameters
719 2635 779 2667 mit
812 2633 873 2667 der
917 2635 1118 2667 voiksweise
1151 2634 1328 2668 erlfiutert.
