1721 2938
649 111 982 154 ECBASIS.
1409 116 1492 158 279

284 261 425 301 Gratia
456 263 506 300 sit
535 263 673 310 vobis,
705 261 818 315 quod
849 263 904 302 sic
938 262 1038 301 mihi
1072 263 1361 304 condoluistis:

145 337 251 373 1035
283 334 473 374 Exitibus
502 335 647 375 vestris
679 336 818 373 nullus
849 334 1087 374 dominetur
1117 344 1163 374 ut
1194 337 1321 376 hostis

280 405 452 444 ,Finibus
476 405 519 443 in
547 405 727 455 cunctis,
758 406 864 445 latus
895 419 977 458 qua
1005 405 1186 445 tenditur
1217 409 1356 448 orbis.'

275 478 393 517 Potio
426 476 632 526 defertur,
663 478 876 517 temulenti
906 479 1061 532 quique
1087 480 1310 529 vehuntur,

278 550 382 589 Pace
411 550 624 588 salutantis
657 549 827 589 discedit
857 552 1000 590 concio
1032 551 1184 600 castris,

278 622 366 662 Nec
397 625 576 662 calamus
607 623 786 672 referet,
817 637 921 675 quae
952 624 1058 674 regis
1089 625 1217 672 jussio
1247 625 1430 675 praebet.

141 694 249 733 1040
279 695 398 734 Tunc
429 710 527 747 vaga
558 696 746 747 prosiluit
778 696 904 734 frenis
934 704 1083 734 natura
1112 698 1293 742 remotis,

276 767 412 820 Seque
442 781 515 820 per
549 768 768 806 immensas
799 766 1040 807 diffundunt
1072 769 1232 819 agmina
1263 767 1398 807 silvas.

272 841 376 880 Mox
416 841 554 892 magni
584 841 785 893 parvique
813 841 958 892 lupum
988 841 1123 880 lusere
1155 840 1295 892 gavisi,

271 914 453 953 Accessit
481 915 610 952 laetae
649 914 795 952 turbae
826 914 1065 964 glomeratio
1095 922 1246 953 tantae.

276 986 515 1037 Exprobrat
545 986 586 1024 in
621 985 747 1035 facIe,
778 1000 883 1038 quae
908 987 957 1025 sit
988 985 1173 1025 custodia
1200 986 1377 1036 linguae,

136 1055 244 1095 1045
275 1058 477 1097 Informat
509 1058 692 1109 scriptis,
734 1072 840 1110 quae
872 1058 924 1097 sit
954 1059 1110 1098 cautela
1141 1056 1359 1108 bilinguis:

267 1129 489 1168 ‘Dentibus
519 1129 720 1168 infrendis
748 1144 853 1169 vane
882 1137 954 1168 tua
982 1130 1099 1168 labra
1127 1129 1287 1170 voraris

263 1202 324 1240 Te
353 1209 424 1241 tua
454 1203 574 1253 culpa
603 1203 777 1253 premit,
807 1209 852 1239 tu
883 1200 978 1240 dum
1011 1210 1080 1241 tua
1101 1202 1218 1240 navis
1242 1201 1283 1239 in
1302 1200 1383 1239 alto
1407 1207 1479 1246 est,

269 1274 359 1312 Hoc
392 1287 463 1325 age
497 1287 549 1312 ne
579 1281 734 1312 mutata
766 1281 993 1312 retrorsum
1024 1282 1065 1313 te
1096 1274 1216 1313 vehat
1243 1286 1367 1321 aura3

271 1345 442 1397 Inspicit
475 1346 736 1397 omnipotens
770 1353 908 1394 actus,
942 1359 1023 1398 qua
1051 1354 1186 1384 mente
1213 1353 1421 1395 regantur,

133 1424 242 1461 1050
269 1420 378 1460 Nam
405 1422 531 1460 semel
569 1421 763 1459 emissum
792 1422 904 1460 volat
933 1421 1201 1461 irrevocabile
1230 1421 1420 1460 verbum.

269 1493 381 1531 Haec
424 1492 529 1531 dolis
574 1501 653 1540 est,
694 1493 884 1541 inimice,
925 1494 1004 1532 tuis
1033 1501 1227 1544 concepta
1261 1493 1442 1532 simultas
1457 1489 1481 1530 l’

268 1564 572 1620 Multifluisque
604 1564 711 1604 diem
739 1566 875 1604 verbis
908 1564 1095 1604 ducendo
1130 1565 1313 1615 fatigant.

624 1637 803 1688 psitacus
838 1638 961 1677 leoni.
1186 1691 1187 1694 Ἰ

259 1706 367 1746 ‘Non
379 1708 534 1759 capiam
548 1709 767 1761 quicquam
781 1708 1034 1759 rediens,uec
1049 1711 1206 1747 laesero
1218 1721 1480 1760 quemquam,

265 1779 380 1818 Dum
410 1788 526 1819 vacat
554 1794 650 1832 ergo
677 1781 765 1831 tibi,
795 1782 882 1821 sine
911 1795 1032 1820 causa
1060 1782 1200 1821 vivere
1229 1781 1328 1829 uoli,

128 1854 234 1892 1055
268 1850 391 1900 Quod
424 1851 571 1904 cupide
605 1854 740 1904 poscis
771 1862 931 1892 mature
961 1855 1082 1906 plene
1112 1854 1328 1906 relinquis.

265 1925 387 1963 Disce
418 1926 541 1963 miser
567 1924 759 1974 tandem,
797 1927 831 1965 si
860 1927 921 1967 vis
953 1934 1214 1966 contemnere
1247 1933 1433 1973 mortem,

267 1995 389 2045 Quod
423 2011 495 2035 ceu
526 1998 603 2037 flos
636 1998 750 2036 foeni
788 1999 843 2036 sic
876 2000 1009 2037 omnis
1043 2000 1173 2050 gloria
1203 1997 1359 2036 mundi.

263 2067 349 2107 Cur
380 2070 454 2108 tibi
484 2070 615 2110 credis
646 2084 768 2122 opes,
795 2086 867 2110 cur
895 2085 1038 2111 coecos
1067 2072 1231 2125 quaeris
1263 2072 1442 2109 honores
1456 2068 1474 2107 ἰ’

262 2138 349 2178 Cur
375 2141 551 2192 putridis
578 2145 747 2183 multam
780 2152 818 2182 te
852 2145 984 2184 nutris
1014 2146 1223 2184 vermibus
1255 2141 1418 2183 escam?

125 2215 233 2250 1060
262 2210 385 2251 Hunc
409 2212 540 2264 diligis
559 2214 784 2265 mundum,
812 2219 1028 2268 proprium
1056 2218 1128 2270 qui
1152 2217 1251 2255 fallit
1278 2215 1478 2253 amieum.’

665 2289 730 2327 leo
760 2288 928 2340 spitaco.

262 2353 396 2403 ‘Quod
414 2356 485 2396 das
508 2359 738 2409 concilium,
756 2375 839 2413 quo
864 2363 1014 2413 possim
1038 2361 1237 2413 prendere
1256 2353 1474 2397 somnum?

263 2425 378 2475 Quae
408 2430 508 2469 mihi
539 2441 634 2471 sunt
662 2446 804 2484 regno,
829 2432 983 2473 vadens
1014 2433 1109 2470 hinc
1141 2429 1285 2469 desero
1319 2421 1484 2480 pardo.’

637 2496 648 2509 f

219 2588 311 2618 1035
338 2587 504 2620 exis-tibus
534 2590 571 2620 A.
673 2591 762 2622 1044
789 2591 955 2633 exprobat
983 2593 1022 2623 A.

217 2648 306 2683 5101
327 2646 392 2693 liic
419 2648 516 2680 dolus
546 2651 582 2682 A.
683 2651 773 2682 1053
802 2650 910 2684 lesere
941 2652 982 2684 Α.
