1721 2938
432 98 836 142 RUODLIEB
898 97 1049 154 fragm.
1075 99 1150 141 IX.
1400 103 1476 142 177

232 253 342 294 Nam
376 253 517 294 flendo
547 255 682 297 visum
712 264 807 308 post
836 263 875 295 te
899 258 982 306 jam
1010 254 1193 308 perdidit
1230 257 1381 309 ipsum.

124 331 177 366 10
234 328 310 368 Illa
335 341 470 367 meam
500 336 638 368 natam
671 327 721 367 de
751 329 866 368 fonte
896 330 1106 369 levaverat
1134 329 1268 378 istam,

236 401 289 440 Et
319 414 397 453 pro
429 401 605 440 natabus
637 400 818 452 propriis
849 414 925 440 nos
955 389 1047 452 post
1073 402 1198 441 habet
1227 403 1415 454 amb[as‚]

232 471 448 525 Saepeque
478 484 555 510 nos
584 471 682 512 visit
711 472 776 511 vel
823 471 942 511 nobis
973 480 1069 511 tunc
1100 473 1255 526 aliquid
1284 475 1391 515 sert?

235 543 359 586 Audit
388 551 435 582 ut
464 543 543 581 hoc
576 542 721 591 miles,
768 543 889 580 matri
919 556 1156 594 compassus
1188 546 1242 584 ait
1268 546 1394 585 flens:

231 615 307 655 ‘An
339 628 448 668 queo
480 615 711 665 septimana
748 615 939 653 revenire
971 613 1138 654 domum
1169 617 1234 654 vel
1265 616 1307 654 in
1341 614 1471 656 ista?.⁷

121 690 172 727 15
233 686 348 725 ‘Cras
361 686 385 736 ‚’
414 686 482 734 ait,
513 685 577 725 ‘ad
613 700 745 725 seram
777 696 949 726 matrem
982 687 1074 739 quis
1106 700 1273 726 cernere
1301 689 1469 737 karam;

232 756 314 797 Sed
347 771 496 810 panem
524 758 638 797 missi
667 772 794 809 penes
828 759 935 796 hanc
966 759 1061 797 volo
1092 757 1226 808 prima
1257 759 1432 797 mereri?

227 831 299 870 Est
332 829 586 881 divulgatum
620 830 853 869 commatriS
886 845 979 870 eum
1014 831 1102 869 fore
1134 839 1289 880 natum,

229 891 575 955 Inter-‘ancipia
603 901 648 940 fit
672 902 826 941 laetitia
858 902 936 942 cito
970 916 1136 954 magua3

229 975 502 1027 Congaudent
528 975 649 1013 matri
677 974 814 1013 reditu
845 989 922 1027 pro
959 975 1111 1027 sospite
1143 976 1243 1015 nati.

117 1053 171 1086 20
229 1047 348 1086 Tunc
374 1048 473 1086 hera
500 1043 651 1084 direxit
685 1045 876 1095 missum,
915 1061 1039 1099 quem
1074 1046 1208 1086 dicere
1238 1046 1353 1097 jussit

232 1119 456 1159 commatri
482 1125 622 1157 natum
652 1128 869 1169 praesente
899 1118 963 1158 die
992 1118 1238 1159 rediturum.

227 1269 388 1307 Interea
408 1270 568 1318 juvenis
599 1268 753 1322 pariter
782 1267 933 1307 ludunt
963 1276 1002 1305 et
1042 1268 1198 1308 hex-ills.

230 1343 353 1380 Hunc
383 1355 430 1379 ea
461 1350 523 1380 ter
552 1343 671 1386 vicit,
712 1343 818 1380 hanc
846 1340 880 1379 is
908 1340 1057 1379 totiens
1092 1339 1316 1393 superavit,

230 1411 470 1450 Alterutrim
501 1411 598 1450 victi
627 1411 852 1462 gaudentes
887 1410 1023 1450 omine
1054 1412 1175 1463 pacti,

115 1487 169 1521 25
227 1484 410 1534 Virginis
439 1484 472 1522 is
503 1481 614 1535 quod
646 1491 744 1532 erat,
775 1483 936 1531 juvenis
968 1482 1080 1534 quod
1112 1484 1228 1536 virgo
1260 1468 1466 1529 manebat..

230 1556 328 1596 Non
365 1569 408 1594 se
442 1555 608 1604 vicisse,
650 1555 720 1594 sed
752 1555 878 1595 victos
912 1557 1190 1596 succubuisse.

228 1629 340 1668 Haec
369 1641 482 1678 suus,
522 1628 590 1667 ille
621 1642 694 1666 sua
724 1628 1013 1668 vocitabantur
1042 1627 1129 1667 vice
1159 1641 1293 1676 versa,

225 1701 389 1741 Mutato
422 1715 523 1740 sexu
552 1701 785 1740 soloecismi
815 1701 1018 1739 schemate
1039 1701 1160 1740 facto.

223 1773 310 1813 Nec
339 1776 418 1822 jam
451 1774 634 1812 celarunt
664 1787 706 1812 se
734 1772 833 1825 quin
871 1771 1063 1811 ardenter
1094 1780 1291 1821 amarent,

115 1848 167 1882 30
229 1846 365 1884 Mater
394 1844 428 1883 si
457 1845 635 1893 sineret,
675 1845 741 1884 vel
771 1845 812 1882 in
843 1845 931 1896 ipsa
963 1852 1081 1883 nocte
1112 1845 1284 1884 coirent.

222 1918 298 1956 Illa
326 1926 461 1957 tamen
491 1918 666 1965 sineret,
701 1917 779 1956 sibi
810 1918 844 1955 si
873 1930 957 1955 non
994 1915 1169 1955 dedecus
1196 1924 1311 1956 esset.

224 1988 281 2027 Ut
307 1990 580 2041 praestoletur
610 1996 707 2027 tunc
742 1990 856 2039 virgo
890 1988 960 2027 vjx
988 1996 1223 2039 superatur.

792 2061 856 2098 lus
887 2074 971 2099 non
1003 2058 1240 2099 dominetur
1464 2074 1609 2109 (012512

793 2130 891 2185 qua]
919 2126 1028 2172 'velit
1070 2132 1129 2170 ire
1159 2131 1318 2169 sinatur

112 2207 164 2241 35
227 2232 237 2242 .
299 2233 309 2243 .
369 2233 378 2243 .
440 2234 450 2243 .
509 2234 518 2243 .
578 2204 747 2244 domino
778 2204 1052 2256 dominaeque
1081 2204 1269 2255 placebat

791 2290 858 2315 um
891 2275 1047 2315 domini
1076 2273 1310 2313 faciendum

711 2377 721 2386 .
779 2363 796 2387 s
827 2348 1007 2387 resident
1038 2347 1188 2399 quibus
1217 2344 1277 2382 illi

785 2419 840 2468 m]
884 2420 966 2456 ulta
1000 2415 1148 2456 viando
1179 2416 1408 2467 loquentes.

496 2488 690 2539 famul]os
722 2489 833 2530 videt
864 2506 885 2529 a
919 2479 1047 2529 niatre
1093 2488 1237 2526 missos

112 2560 165 2597 40
225 2586 235 2594 .
299 2584 307 2591 -
367 2589 375 2597 .
436 2587 445 2596 .
510 2587 518 2596 .
579 2588 590 2598 .
649 2589 658 2598 .
718 2590 728 2599 .
787 2563 980 2600 omnibus
1013 2560 1151 2599 oscula
1183 2561 1351 2611 praebet

857 2632 995 2670 matris
1032 2644 1215 2670 amorem

1098 2709 1146 2744 12
