1721 2938
239 1334 322 1390 2so

675 120 1174 165 WAL'I'HARIUS.

387 277 556 328 Diripe,
597 275 694 313 bina
727 272 874 312 dehinc
905 272 1125 312 mediocria
1155 272 1304 312 scrinia
1333 275 1445 314 tolle.

381 347 457 386 His
492 344 748 382 armillarum
782 351 941 383 tantum
973 343 1025 383 da
1054 344 1402 396 pannonicarum,

382 419 530 456 Donec
560 415 632 454 vix
662 429 793 454 unum
823 417 982 455 releves
1013 416 1063 455 ad
1097 417 1271 467 pectoris
1301 417 1445 454 imum.

382 487 483 527 lude
516 495 663 539 quater
691 488 837 526 binum
867 488 968 526 mihi
1000 488 1061 526 fac
1098 488 1147 526 de
1179 502 1293 527 more
1324 497 1563 537 coturnum,

381 560 728 612 Tantundemque
760 559 835 597 tibi
866 568 1032 610 patrans
1063 560 1288 610 imponito;
1329 561 1435 599 vasis

383 632 448 672 Sic
478 633 563 671 fors
596 631 645 670 ad
677 645 883 669 summum
916 633 1176 682 complentur
1207 632 1356 670 scrinia
1389 633 1564 670 labrum.

379 705 555 755 Insuper
585 719 607 742 a
638 703 765 741 fabris
797 704 939 741 hamos
971 706 1071 742 clam
1103 718 1224 755 posce
1254 712 1448 742 retortos.

380 775 534 815 Nostra
564 775 712 815 viatica
744 775 824 813 sint
853 776 985 826 pisces
1015 776 1135 814 simul
1166 784 1289 828 atque
1315 777 1526 829 volucres,

379 850 470 899 Ipse
502 860 574 897 ego
607 848 807 898 piscator,
848 846 918 885 sed
953 856 991 886 et
1020 861 1168 899 auceps
1201 861 1287 886 esse
1323 855 1500 887 coartor,

380 921 493 959 Haec
526 921 635 958 intra
671 918 939 958 ebdomadem
972 927 1087 957 caute
1120 933 1194 970 per
1229 919 1388 970 singula
1423 920 1596 972 comple.

382 991 567 1039 Audisti,
611 989 709 1043 quid
741 991 894 1029 habere
928 990 1056 1029 vianti
1086 990 1190 1029 forte
1222 1005 1382 1030 necesse
1416 999 1490 1030 est.

377 1062 501 1101 Nunc
532 1075 616 1114 quo
646 1075 761 1100 more
793 1064 930 1113 fugam
966 1063 1173 1102 valeamus
1203 1063 1307 1101 inire
1338 1061 1529 1102 recludo:

333 1175 336 1178 Δ
376 1134 603 1187 Postquam
638 1142 830 1186 septenos
860 1135 1054 1174 Phoebus
1083 1135 1329 1175 remeaverit
1360 1136 1500 1183 orbes,

381 1205 484 1256 Regi
515 1220 560 1244 ac
590 1208 780 1256 reginae,
820 1209 1018 1258 satrapis,
1059 1206 1256 1256 ducibus,
1292 1207 1538 1258 famulisque

379 1278 556 1329 Sumptu
586 1293 811 1329 permagno
843 1279 1031 1318 convivia
1058 1280 1163 1318 laeta
1195 1280 1376 1330 parabo,

382 1352 518 1403 Atque
553 1351 666 1389 omui
695 1350 860 1400 ingenio
892 1359 992 1401 potu
1025 1351 1199 1402 sepelire
1228 1350 1426 1399 studebo,

378 1421 525 1459 Donec
544 1422 679 1460 nullus
700 1422 789 1470 erit,
815 1423 887 1474 qui
908 1424 1067 1472 sentiat,
1094 1423 1156 1460 hic
1176 1422 1285 1475 quod
1306 1421 1505 1473 agendum
1525 1430 1596 1462 est.

381 1491 446 1529 Tu
477 1499 613 1529 tamen
645 1493 801 1531 interea
834 1493 1094 1532 mediocriter
1122 1503 1236 1532 utere
1269 1496 1384 1542 vino,

376 1564 512 1615 Atque
545 1564 651 1602 sitim
682 1566 752 1604 vix
783 1565 832 1604 ad
863 1580 1045 1604 mensam
1075 1568 1327 1616 restinguere
1363 1580 1482 1616 cura3

381 1635 485 1674 Cum
517 1637 668 1689 reliqui
701 1647 890 1688 surgant,
932 1638 979 1677 ad
1013 1640 1210 1690 opuscula
1239 1647 1338 1677 uota
1369 1652 1552 1678 recurre.

378 1708 450 1746 Ast
480 1709 554 1746 ubi
582 1712 660 1757 jam
694 1718 860 1748 cunctos
892 1719 1057 1761 superat
1086 1711 1281 1750 violentia
1310 1718 1455 1762 potus,

377 1780 486 1818 Tum
518 1780 641 1819 simul
671 1781 861 1821 occiduas
899 1796 1171 1834 properemus
1202 1796 1400 1835 quaerere
1435 1784 1593 1834 partes.’

374 1851 503 1901 Virgo
535 1865 693 1891 memor
723 1863 942 1905 praecepta
973 1854 1051 1893 viri
1081 1855 1320 1905 complevit,
1362 1863 1400 1893 et
1429 1867 1519 1893 ecce

377 1922 597 1962 Praefinita
628 1923 713 1963 dies
745 1927 961 1976 epularum
992 1925 1125 1974 venit,
1165 1934 1204 1964 et
1236 1926 1323 1977 ipse

379 1993 643 2033 Waltharius
673 1998 830 2047 maguis
860 1998 1056 2036 iustruxit
1086 1998 1317 2048 sumptibus
1349 2009 1484 2048 escas;

377 2064 566 2105 Luxuria
593 2067 637 2104 in
667 2068 801 2107 media
830 2068 1035 2107 residebat
1065 2068 1244 2121 denique
1274 2081 1430 2106 mensa.

377 2136 693 2190 Ingrediturque
724 2141 858 2177 aulam
891 2141 991 2179 velis
1021 2154 1096 2178 rex
1128 2140 1311 2192 undique
1340 2146 1516 2190 septam,

374 2208 508 2247 Heros
539 2210 823 2260 magnanimus
859 2210 979 2249 solito
1012 2223 1135 2263 quem
1166 2209 1303 2250 corde>
1324 2210 1505 2249 salutans

373 2279 563 2319 Duxerat
588 2280 639 2319 ad
666 2282 836 2331 solium,
864 2281 977 2335 quod
1001 2282 1173 2334 compsit
1198 2284 1330 2322 bissus
1357 2289 1396 2320 et
1419 2289 1589 2321 ostrum.

305 2406 375 2436 267
401 2413 486 2436 onus
507 2403 551 2437 H.
595 2405 666 2436 268
693 2402 815 2436 deinde
836 2403 876 2436 ἰ).
926 2406 996 2437 269
1022 2405 1218 2438 tantundem
1238 2405 1355 2448 quanti
1376 2384 1531 2447 paternis
1549 2405 1588 2437 A.

236 2468 369 2507 patrato
382 2464 423 2498 D.
456 2466 526 2497 274
539 2465 626 2497 inter
641 2462 888 2497 hebdomadam
899 2464 940 2498 D.
969 2467 1037 2498 276
1052 2465 1127 2498 Nec
1138 2466 1176 2498 C.
1194 2465 1283 2498 Hinc
1298 2465 1323 2496 1.
1357 2466 1426 2497 277
1438 2464 1535 2497 sebus
1546 2464 1590 2497 D.

234 2526 315 2557 278.
333 2526 403 2556 279
437 2525 511 2567 regi
536 2534 577 2557 ac
603 2524 741 2566 reginae
765 2525 909 2568 satrapis
937 2525 1089 2558 convivia
1122 2526 1211 2557 laeta
1243 2524 1369 2566 parabo
1395 2524 1436 2557 D.
1520 2526 1590 2555 279

236 2584 416 2625 magnifico
443 2585 468 2617 1.
516 2587 583 2617 281
611 2582 675 2618 hoc
695 2585 775 2627 quid
798 2586 837 2619 A.
864 2584 917 2617 hic
938 2585 1017 2627 quid
1040 2585 1078 2618 C.
1114 2584 1176 2617 hoc
1196 2584 1286 2627 quod
1307 2584 1347 2616 D.
1363 2583 1389 2616 Ι.
1437 2585 1507 2614 283
1534 2580 1606 2614 τε-”

235 2641 404 2682 stringere
429 2641 466 2674 B.
481 2643 505 2676 l.
544 2643 616 2674 292
629 2652 722 2676 more
737 2642 775 2676 B.
788 2642 813 2676 1.
852 2644 920 2675 293
939 2651 1039 2683 quem
1051 2643 1087 2674 C.
1106 2653 1204 2683 quem
1221 2642 1329 2675 bissus
1350 2639 1493 2682 compsit
1514 2639 1550 2671 B.
1566 2638 1588 2669 l.
