1721 2938
220 100 305 142 262

222 470 303 507 570

229 827 309 866 575

228 1188 311 1224 580

230 1548 311 1584 585

233 1908 314 1945 590

234 2269 314 2306 595

725 97 760 137 Ε
779 96 815 138 C
835 97 870 138 B
887 97 917 137 Λ
935 96 965 138 S
985 96 1002 137 I
1022 97 1064 138 S.

360 249 502 289 castos
535 246 765 299 paueficos,
812 248 986 287 sartores
1025 263 1068 287 ac
1102 248 1335 301 ciuillones3

362 319 464 369 Quis
495 320 693 371 pincerna
720 318 891 369 domus,
926 319 1106 372 dapifer,
1140 336 1215 362 nec
1245 321 1437 374 prodigus
1464 324 1570 362 ullus

364 392 532 447 (Nullus
563 400 644 432 tam
676 405 824 444 parcus
858 394 956 446 quin
991 391 1185 445 prodigus
1218 407 1269 432 ex
1313 393 1484 448 alieno);

363 461 520 504 Secreti
549 463 695 503 tacitus
729 466 975 504 camerarius
1007 465 1151 505 ordine
1192 464 1338 514 denus,

361 536 481 577 Potio
514 550 618 589 quae
648 535 745 585 fiat,
774 538 840 576 vel
871 538 963 590 quis
995 538 1211 578 cristallica
1238 548 1412 591 promat.

367 605 576 647 ‘servator
606 615 751 659 portae
782 609 831 646 sit
862 617 1004 647 cautus
1035 610 1175 648 limine
1204 611 1380 661 linguae,

363 675 551 731 Lignifer
581 695 600 718 a
634 693 803 719 nemore
837 689 1054 732 conportet
1084 683 1239 720 robora
1269 683 1408 730 silvae,

363 751 543 792 Torrida
573 752 682 803 ligna
715 753 857 801 vehat,
887 767 937 791 ne
968 754 1071 792 su'mi
1104 753 1263 804 virgula
1293 764 1442 805 surgat,

369 823 463 873 Quo
495 833 818 877 corrumpantur
851 825 1052 874 dorsalia,
1091 840 1166 865 nec
1196 827 1395 866 vitientur

368 899 499 938 Pallia
528 911 747 949 suspensa,
775 899 979 937 substrata
1009 898 1166 949 tapecia
1192 900 1309 938 mira.

368 969 584 1020 Pervigilis
615 969 733 1008 multi
764 969 928 1021 grandis
960 971 1009 1009 sit
1042 970 1159 1022 copia
1191 970 1308 1018 curti,

369 1040 551 1080 Verrere
582 1040 700 1082 valde
733 1041 925 1091 domum,
956 1057 1006 1081 ne
1036 1042 1136 1096 quid
1171 1044 1222 1082 sit
1247 1043 1579 1096 quisquiliorum,

370 1113 532 1153 Rursus
566 1113 823 1154 odoriferum
857 1124 1084 1156 renovetur
1114 1116 1287 1156 floribus
1320 1125 1497 1167 antrum,

369 1185 549 1225 Lumina
578 1186 788 1238 largifluae
819 1196 1052 1228 statuantur
1087 1203 1202 1229 cerea
1234 1202 1411 1239 mensae,

369 1257 524 1299 Officiis
556 1258 670 1299 dictis
704 1273 787 1299 non
821 1259 922 1300 desit
953 1262 1147 1314 aquarius
1177 1262 1278 1310 istis,

367 1329 594 1382 Descriptis
623 1330 817 1383 gradibus
854 1346 936 1371 non
968 1335 1017 1372 sit
1052 1334 1124 1387 qui
1157 1341 1383 1373 murmuret
1415 1334 1535 1374 ullus.

367 1403 541 1443 Illustris
573 1406 766 1443 monachi
797 1406 967 1457 captivi,
999 1406 1165 1444 nomine
1197 1406 1365 1457 Malchi,

371 1474 515 1515 Fortia
545 1491 636 1516 cum
667 1478 749 1516 vita
780 1479 1006 1517 recitentur
1035 1479 1076 1516 in
1110 1478 1254 1518 ordine
1283 1489 1417 1530 gesta:

370 1546 605 1599 Percipiant
635 1549 761 1588 animi
793 1548 944 1589 dociles
972 1558 1220 1603 teneantque
1249 1549 1414 1602 fideles;

373 1617 622 1669 Unicornis‚
655 1620 706 1660 ad
735 1607 835 1661 hae-'c
867 1631 1138 1674 perstrenua,
1171 1625 1355 1663 conferat
1385 1625 1519 1674 istaec,

373 1691 486 1732 Voce
520 1693 697 1745 puellari
727 1693 897 1735 delectet
928 1705 1094 1747 pectora
1129 1696 1238 1745 cleri,

373 1762 579 1805 Convivas
616 1765 857 1807 delectando
892 1769 1129 1822 pariterque
1159 1767 1379 1810 monendo.

371 1835 480 1876 Nam
509 1838 684 1877 mixtum
715 1841 849 1892 capiat
876 1842 1097 1892 languens,
1126 1855 1178 1880 ne
1210 1841 1316 1880 forte
1347 1850 1567 1892 gravescat.

372 1905 505 1948 Exeat
536 1909 631 1948 hinc
656 1908 871 1960 dominus,
902 1914 1024 1952 horto
1055 1927 1149 1951 nam
1177 1912 1367 1964 proxima
1391 1927 1580 1966 quercus,

373 1980 565 2022 Membra
594 1984 671 2022 sub
703 1981 875 2024 adversa
908 1994 1034 2036 ponat
1064 1986 1301 2037 languentia
1332 1999 1523 2039 quercu‚²

373 2051 625 2107 Esuriesque
654 2055 740 2095 sitis
770 2057 867 2095 visis
898 2058 1160 2109 reparabitur
1189 2058 1340 2107 herbis,

373 2120 484 2169 Quas
515 2126 639 2166 habet
667 2128 767 2167 haec
799 2129 907 2168 horti
935 2131 1090 2181 species
1122 2138 1158 2169 et
1181 2124 1353 2169 amoena
1376 2139 1579 2181 venustas,

370 2192 482 2242 Quas
513 2198 656 2238 lambit
687 2201 808 2240 nitidi
839 2202 1080 2242 circumflua
1112 2204 1230 2254 copia
1262 2179 1401 2250 fontist

374 2267 446 2307 Nil
475 2269 632 2310 luteum
663 2271 712 2311 de
741 2273 856 2312 fonte
883 2275 991 2323 fluit,
1022 2289 1095 2313 nec
1126 2275 1316 2315 turbidus
1346 2276 1496 2315 humor

369 2339 586 2392 Nascitur,
621 2352 690 2382 aut
720 2347 877 2396 primae
907 2348 1085 2387 violatur
1115 2349 1270 2398 origine
1300 2361 1442 2387 venae.

366 2413 421 2451 At
451 2427 526 2453 nos
556 2414 720 2456 delicias
751 2419 985 2470 plumarum
1018 2428 1057 2459 et
1087 2420 1195 2459 linea
1228 2428 1329 2459 tecta

370 2482 600 2526 Sternimus
632 2497 755 2542 atque
787 2500 917 2531 cutem
952 2493 1084 2533 fulcro
1116 2501 1313 2532 tenuante
1344 2491 1535 2543 polimus.

273 2650 353 2684 fehlt
371 2653 424 2685 ein
452 2664 527 2687 vers
543 2654 652 2688 hinter
671 2655 766 2689 577?
813 2658 884 2688 590
900 2661 974 2689 orto
998 2659 1034 2690 Α.
1085 2659 1154 2690 592
1177 2656 1264 2690 erbis
1284 2658 1320 2689 A.
1373 2657 1440 2687 593
1457 2654 1520 2686 orti
1538 2654 1575 2685 A.
