1721 2938
241 116 328 157 360

776 115 1079 157 UNIBOS.

416 274 482 307 45.

419 556 488 593 46.

416 1133 482 1170 48.

416 1422 484 1457 49.

416 1708 481 1743 50.

412 1995 479 2029 51.

412 2569 479 2605 53.

543 268 631 305 *Per
664 268 785 305 istum
817 268 909 318 juro
946 269 1149 316 baculum,

538 340 619 377 Per
647 353 797 390 corpus
830 341 906 379 hoc
938 342 1216 393 perspicuum,

545 410 589 448 Si
619 411 831 450 ruminant
863 409 1044 451 diluculo

540 481 628 519 Mei
658 484 786 522 boves
820 483 860 521 in
897 482 1106 523 stabulo?

548 554 724 593 Dextras
755 554 910 594 furtivo
945 554 1113 594 foedere

545 625 739 665 Vicissim
771 635 928 665 certant
960 636 1139 676 tangere,

542 696 598 735 Ut
629 698 731 735 clam
761 698 890 737 boves
922 699 1206 747 excerebrent,

544 769 785 807 interfectos
818 771 1042 809 excorient.

543 841 715 880 Firmali
746 856 820 892 per
850 843 1060 881 stultitiam

543 913 779 952 Proceduut
811 912 861 951 ad
893 913 1110 961 insaniam,

541 986 725 1024 mactant
753 986 880 1024 boves
910 984 1143 1034 crudeliter,

543 1057 813 1096 Excoriantes
843 1058 1004 1097 acriter.

543 1129 810 1181 Suspendant
843 1144 985 1170 carnes
1015 1131 1216 1180 trabibus,

543 1203 674 1241 Pelles
708 1203 851 1241 laxant
880 1204 922 1240 in
955 1202 1145 1242 curribus

546 1273 716 1322 Quietae
747 1275 878 1312 noctis
908 1284 1093 1326 tempore

545 1349 695 1386 Petunt
726 1354 948 1384 mercatum
983 1349 1230 1399 transfugae.

544 1419 732 1457 Plaustra
764 1419 888 1470 pelles
917 1420 1108 1459 vehentia

542 1491 702 1529 Locant
730 1491 808 1528 sub
836 1493 1070 1541 arrogantia

542 1563 589 1599 ln
618 1563 784 1599 mere-ali
817 1562 997 1601 confinio

539 1634 658 1671 Inani
691 1634 801 1684 pleni
831 1636 1007 1672 somnio.

539 1704 786 1755 Respectum
825 1719 899 1756 per
933 1706 1094 1744 silentia

545 1775 721 1814 Vibrant
750 1791 826 1828 per
858 1777 940 1816 fori
970 1777 1113 1826 stadia,

542 1848 811 1900 Interpretari
840 1851 916 1888 snb
947 1863 1069 1901 prece

543 1918 720 1971 Sperant
752 1934 775 1958 a
803 1921 1082 1962 multitudine.

539 1992 699 2043 Vulgus
729 1993 898 2041 transit,
938 1995 1082 2045 vulgus
1111 1994 1232 2039 redit,

538 2063 692 2103 Nullus
721 2067 797 2105 sub
832 2080 929 2105 cura
964 2067 1153 2113 consulit,

540 2136 638 2175 Non
671 2146 729 2176 est
760 2139 832 2191 qui
863 2147 1034 2192 quaerat
1065 2139 1211 2190 cupide

540 2208 841 2250 Commerciunn
875 2211 924 2250 de
954 2219 1130 2262 tergore.

470 2309 479 2318 .
536 2281 634 2321 Post
665 2282 883 2322 intervalla
913 2292 1146 2335 temporum

535 2351 697 2399 Major,
731 2351 910 2390 tenendo
942 2353 1168 2402 stimulum,

540 2421 700 2460 Clamat
736 2422 778 2460 in
810 2435 936 2463 rauco
966 2432 1129 2474 gutture

537 2491 654 2541 ‘Quis
681 2496 770 2534 vult
801 2495 872 2533 has
902 2496 1029 2546 pelles
1063 2495 1254 2536 emereP’

540 2566 695 2604 Assunt
724 2574 885 2605 sutores
917 2567 1094 2615 sordidi,

537 2635 699 2683 Quibus
734 2647 826 2678 sunt
858 2647 1011 2691 septem
1046 2639 1179 2690 solidi,
