1721 2938
366 90 808 154 μ[ωοῡωΕΒ
868 91 1151 146 f=·agm.X1V.
1326 65 1331 67 ’
1388 94 1467 135 187

133 325 184 359 10

133 684 183 719 15

134 1045 188 1079 20

140 1759 192 1793 30

143 2111 194 2147 35

243 251 295 290 Et
323 249 525 302 prandere
555 258 694 302 rogat,
726 251 821 290 satis
850 250 930 291 illis
960 259 998 291 et
1026 251 1248 290 tribuebat.

243 322 399 362 Amotis
429 323 601 373 mensis,
636 323 880 362 dominabus
911 331 949 362 et
977 321 1074 361 inde
1102 322 1279 363 reversis

243 393 307 433 Ad
338 407 412 433 sua
441 403 619 443 secreta,
649 394 854 446 praecedit
883 409 949 434 eas
981 408 1029 433 ea
1058 402 1167 434 nata.

241 466 340 506 Post
366 466 539 518 illasque
569 464 744 517 pedant,
774 467 852 505 sibi
880 468 952 518 qui
982 467 1180 518 plumatia
1208 474 1388 519 portant,

237 536 289 575 Et
320 538 460 588 plures
487 537 556 575 alii
587 538 826 576 comitantes
856 538 919 577 his
947 539 1153 578 famulari.

239 609 314 648 His
344 609 485 648 vinum
514 609 615 648 ferri
644 610 760 658 jubet
787 609 858 647 illo
890 622 966 660 pro
996 610 1211 660 famular13

242 680 440 733 Dumque
472 681 576 720 bibit
607 682 804 733 quisque,
835 680 913 719 sibi
941 680 1076 720 vicino
1106 679 1238 730 dedit,
1270 696 1397 735 usque

240 753 465 792 Pincernae
494 760 676 804 pateram
707 751 936 791 reddebant
967 761 1214 792 evacuatam.

244 825 468 874 Inclinant,
503 826 678 873 abeunt,
709 824 884 863 Rodlieb
917 823 1189 877 dominosque
1217 826 1419 864 revisunt.

242 897 361 936 Tunc
388 895 564 935 Rodlieb
594 895 722 935 dixit:
753 898 863 949 ‘quia
892 892 967 935 vos
999 895 1098 935 deus
1119 898 1201 936 huc
1221 897 1474 948 glomeravit,

242 968 364 1008 Nunc
395 967 554 1018 audite,
591 969 691 1006 mihi
722 962 856 1019 cupite
893 969 957 1007 vel
987 969 1189 1018 auxiliari,

247 1039 514 1080 Connubium
545 1039 752 1092 quoddam
782 1054 865 1093 quo
896 1039 965 1079 fiat
992 1054 1103 1078 nunc
1131 1040 1368 1090 stabilitum,

246 1113 319 1153 Est
348 1113 459 1166 quod
488 1112 699 1152 laudatum
731 1113 812 1160 sic,
845 1111 894 1151 ad
923 1125 998 1151 nos
1030 1111 1297 1161 induciatnm,

243 1184 307 1223 Ad
337 1184 448 1237 quod
480 1193 717 1236 praesentes
747 1185 848 1223 mihi
877 1198 950 1224 vos
983 1184 1104 1235 cupio
1136 1185 1226 1224 sore
1259 1192 1391 1224 testes.

249 1255 450 1308 Contigit,
487 1265 533 1296 ut
558 1257 718 1306 juvenis
749 1269 862 1295 meus
892 1256 967 1295 iste
996 1269 1126 1307 nepos
1157 1264 1196 1295 et
1225 1256 1366 1295 herilis

247 1329 399 1368 Mutuo
433 1328 648 1379 diligerent
676 1341 792 1377 sese,
834 1327 932 1366 dum
964 1336 1112 1367 tessere
1141 1328 1304 1378 ludunt,

248 1400 357 1452 Lege
387 1400 566 1440 maritali
597 1402 805 1451 cupientes
836 1399 1088 1439 consociari)

250 1473 429 1512 Dicunt:
462 1473 552 1511 ‘hoc
584 1471 718 1510 cuncti
749 1469 944 1510 debemus
976 1470 1197 1519 consiliari,

252 1543 408 1598 Indolis
439 1552 482 1584 ut
511 1551 647 1583 tantae
676 1543 764 1588 vir,
801 1550 886 1581 tam
915 1541 1077 1582 virtutis
1109 1542 1284 1594 opimae,

250 1614 349 1654 Non
381 1613 691 1668 dehonestetur,
731 1611 848 1650 citius
879 1610 950 1651 sed
983 1621 1024 1652 ut
1056 1612 1257 1663 eripiatur

255 1685 288 1723 A
321 1692 456 1724 scorto
490 1682 603 1735 turpi
634 1682 756 1732 digno
787 1682 884 1720 satis
912 1682 1007 1732 igne
1036 1682 1235 1721 cremari?
1304 1664 1308 1674 ,

251 1755 302 1792 lit
324 1753 493 1792 laudant
516 1753 743 1802 dominum,
766 1752 878 1805 quod
900 1754 941 1792 iu
960 1754 1038 1792 hoe
1057 1766 1196 1793 cosmo
1214 1753 1292 1791 fuit
1310 1766 1482 1806 usquam

253 1825 445 1878 Femina,
483 1840 588 1878 quae
618 1827 813 1876 magicam
845 1824 894 1864 de
925 1838 967 1865 se
997 1824 1211 1866 dlvelleret
1241 1825 1386 1876 ipsam.

254 1897 372 1936 Tunc
406 1899 536 1948 surgit
563 1897 745 1947 juvenis,
773 1905 905 1948 grates
935 1896 1059 1936 dabat
1086 1898 1278 1937 omnibus
1307 1896 1400 1943 illis,

256 1965 376 2014 Quod
409 1976 490 2005 tam
523 1969 740 2007 clementes
774 1968 852 2007 sibi
881 1976 979 2006 sunt
1009 1967 1282 2007 communiter
1329 1979 1484 2018 omnes,

252 2036 392 2090 Inquit
421 2045 459 2076 et
489 2037 673 2076 ‘horrere
704 2037 869 2089 penitus
899 2051 941 2076 se
974 2051 1101 2091 seque
1135 2037 1294 2091 pudere

255 2107 320 2147 Sic
351 2107 662 2161 dehonestat-um
691 2124 765 2162 per
797 2109 837 2149 id
870 2111 1098 2150 execrabile
1132 2118 1329 2150 scortum.

255 2181 376 2219 Nunc
410 2194 514 2233 opus
540 2196 671 2243 uxore
700 2183 871 2222 nimium
901 2182 1004 2222 mihi
1035 2182 1199 2222 cernitis
1235 2194 1336 2225 esse,

255 2250 388 2298 Quam
418 2254 614 2305 quoniam
641 2255 759 2294 facile
790 2270 899 2295 nunc
926 2268 1146 2307 possumus
1171 2253 1236 2292 hic
1265 2252 1459 2305 reperire,

255 2324 372 2362 Hanc
407 2324 646 2377 desponsari
673 2325 861 2366 desidero
892 2327 956 2368 vel
985 2327 1086 2366 mihi
1113 2325 1240 2376 jungi,

256 2394 314 2432 Ut
349 2396 434 2435 sitis
463 2405 584 2436 testes
616 2407 654 2437 et
684 2397 736 2437 ad
766 2400 843 2438 hoc
874 2399 997 2446 mihi,
1027 2411 1201 2451 quaeso,
1231 2397 1417 2440 libentes,

149 2468 201 2503 40
262 2467 490 2506 Alterutros
520 2483 611 2509 cum
642 2485 716 2510 nos
748 2470 980 2511 dotabimus
1009 2479 1068 2510 est
1099 2469 1227 2511 veluti
1257 2467 1370 2506 mos.’

243 2620 284 2650 31
337 2617 506 2651 vielleicht
533 2628 686 2659 magnam
