1721 2938
653 121 994 167 EGBASIS.
1405 123 1489 164 249

147 274 229 315 180
289 276 363 314 His
395 276 450 315 ita
481 276 677 327 susceptis
716 274 959 315 redhibetur
985 274 1111 326 gratia
1143 273 1289 312 missis.

285 348 517 389 Considunt
547 350 711 400 pariter.
764 357 849 387 tum
880 348 935 386 sic
975 348 1030 385 ait
1059 348 1146 398 ipse
1180 347 1396 398 magister:

285 421 505 473 ‘Septimus
535 429 679 459 octavo
705 419 879 470 propior
904 421 982 467 jam
1011 419 1207 469 praeterit
1237 432 1381 466 annus,

286 493 350 531 Ex
383 505 465 544 quo
496 504 586 529 cum
614 490 768 541 pomis,
811 503 900 527 cum
932 489 1112 541 piscibus
1143 490 1244 527 urbe
1275 488 1410 540 petitis

283 564 450 602 Mensas
480 561 650 611 ornavi,
701 563 895 601 convivas
929 561 1015 613 ipse
1045 561 1194 605 refeci3

152 640 228 676 185
290 635 356 674 Sic
384 636 472 674 vixi
504 634 729 674 monachus
761 635 993 673 claustralia
1018 636 1109 682 jura
1141 640 1320 681 secutus,

289 707 438 749 Omnia
470 707 669 746 distractis
701 713 890 745 coc'mens
923 706 1095 745 obsonia
1125 705 1248 755 gazis.

290 780 431 819 Gratia
461 780 511 818 sit
542 780 679 827 vobis,
711 778 822 831 quod
852 779 908 816 sic
939 778 1040 817 mihi
1080 775 1383 829 subpeditastis.

288 853 462 891 Afficior
495 852 634 900 senio,
662 851 780 890 vobis
811 864 899 890 mea
935 858 1078 889 cuncta
1108 849 1313 902 relinquo,

289 925 428 964 Ericio
461 938 630 976 rupem,
674 923 784 961 lutro
816 937 891 974 pro
922 923 1103 973 piscibus
1137 921 1326 960 amnem?

151 1001 231 1036 190
289 997 484 1036 Protinus
514 994 708 1044 arrident,
756 995 906 1034 collum
937 995 1166 1047 {aciemque
1199 995 1441 1032 remulcent.

289 1071 346 1111 Ut
379 1085 443 1110 me
474 1070 755 1122 conspiciunt,
787 1071 1000 1108 confestim
1029 1070 1124 1108 talia
1156 1068 1319 1107 dicunt:

291 1145 461 1183 ‘Mirum
490 1143 534 1182 fit
563 1142 700 1189 nobis,
742 1141 841 1195 quid
872 1142 937 1181 hic
970 1143 1147 1181 castellat
1177 1143 1219 1181 in
1251 1141 1377 1181 antris
1390 1138 1430 1179 ’θ’

616 1217 740 1266 lupus
784 1214 835 1253 ad
864 1216 1035 1254 lutrum.

292 1291 417 1330 ‘Dum
439 1292 593 1343 sprevit
614 1292 833 1341 stabulum,
856 1300 1041 1331 nostrum
1064 1290 1229 1330 divertit
1246 1289 1294 1329 ad
1322 1299 1498 1339 antrum,

289 1363 338 1401 Et
367 1373 503 1402 manet
527 1365 735 1415 insopilis,
765 1365 916 1403 nostriS
947 1362 1130 1402 addictus
1162 1363 1347 1402 habenis.

155 1439 233 1475 195
293 1436 390 1475 Jure
424 1438 540 1476 fruor
570 1445 697 1484 torto,
737 1437 834 1489 quia
863 1437 962 1476 vivit
993 1445 1176 1487 tempore
1207 1443 1347 1485 tanto;

284 1507 355 1545 Me
386 1515 496 1546 tenet
525 1509 648 1557 hujus
680 1522 817 1556 amor,
848 1508 1041 1559 legirupis
1072 1509 1157 1559 ipse
1191 1508 1385 1554 vocabor,

287 1580 414 1618 Mane
453 1579 523 1619 sed
554 1580 738 1619 officium
772 1581 891 1619 saciat
923 1581 1022 1619 mihi
1052 1594 1164 1619 more
1204 1593 1388 1627 suorum,

289 1652 507 1703 Sanguinis
538 1667 588 1692 ex
619 1654 739 1692 salice
772 1661 886 1691 roret
917 1652 1135 1691 siccamina
1174 1653 1349 1702 linguae,

290 1723 461 1762 Proluet
498 1723 563 1762 hic
595 1731 717 1774 potus
749 1724 1012 1774 spurcamina
1042 1724 1218 1775 pectoris
1250 1725 1386 1772 hujus.

149 1800 232 1835 200
289 1795 368 1834 Hic
399 1796 507 1834 fossa
548 1803 604 1834 est
636 1796 791 1845 ingens,
822 1797 917 1836 hinc
945 1809 1069 1848 rupes
1101 1797 1277 1835 maxima
1294 1795 1498 1848 pendens:

288 1867 492 1918 Mergitur
518 1867 562 1905 in
593 1866 790 1916 fluvium,
833 1882 1020 1919 mergens
1053 1867 1154 1907 educ
1184 1867 1412 1918 fugitivum,

290 1938 334 1978 Si
368 1939 525 1978 scandit
554 1954 725 1991 rupem,
761 1949 996 1992 prosternes
1027 1942 1137 1979 hunc
1163 1943 1213 1979 ab
1247 1940 1413 1990 eadem3

288 2010 352 2050 Ne
383 2025 458 2050 nos
507 2012 736 2063 inplanet‚-.
762 2022 952 2051 constans
991 2021 1059 2051 tua
1093 2014 1226 2052 cautio
1260 2020 1385 2050 curet.

288 2083 406 2123 Tunc
436 2085 538 2124 mihi
570 2097 686 2123 carus
718 2084 819 2133 eris,
852 2093 986 2124 custos
1020 2085 1053 2124 si
1082 2076 1283 2136 providus
1312 2083 1444 2124 adsis?

767 2158 888 2196 luter.

151 2230 232 2268 205
294 2228 396 2266 ‘Hoc
428 2240 602 2279 sequar,
634 2229 712 2266 hoc
742 2228 825 2267 fixo
858 2237 1099 2281 conceptum
1133 2227 1254 2266 corde
1286 2228 1461 2266 tenebo)

236 2289 446 2352 Armiger
482 2303 652 2350 ericius,
681 2304 837 2342 clavata
867 2303 1040 2343 sindone
1073 2311 1214 2350 tectus,

292 2379 378 2417 Nec
408 2378 542 2418 studio
581 2380 782 2429 citharae,
814 2395 889 2419 nec
924 2394 1066 2419 musae
1097 2379 1258 2418 deditus
1301 2379 1386 2429 ulli,

296 2450 364 2489 Fit
393 2453 574 2503 capitale,
603 2453 692 2504 lupi
721 2455 966 2493 citharizans
1000 2454 1122 2493 sortia
1153 2452 1262 2500 belli,

291 2524 490 2572 Romam,
533 2539 600 2565 res
626 2527 750 2566 laetas
780 2537 819 2567 et
850 2542 1047 2580 prospera
1077 2539 1264 2581 quaeque
1294 2533 1498 2572 retexens,

248 2662 314 2694 183
342 2660 466 2704 pepitis
492 2661 519 2694 A
536 2661 576 2693 B.
675 2662 741 2694 186
769 2670 902 2701 εςιῃεηε
928 2664 966 2695 A.
1010 2671 1144 2701 cernens
1170 2661 1211 2692 B.
