1721 2938
239 133 325 175 252

740 131 1084 174 ECBASIS.

240 289 324 325 270

240 651 322 688 275

240 1015 323 1049 280

241 1379 323 1414 285

243 1741 326 1777 290

242 2242 324 2278 295

251 2556 433 2563 -.----.-γ

382 282 525 323 Portio
556 283 670 321 nulla
711 281 854 330 detur,
892 281 961 321 sed
995 295 1069 320 nec
1097 294 1171 332 per
1199 281 1331 321 frusta
1358 292 1529 331 secetur,

378 356 560 407 Dispice,
585 369 688 396 neve
719 368 900 408 cocoque
934 355 1024 393 foco
1056 362 1230 392 tostetur
1260 356 1310 392 ab
1338 357 1436 396 ullo.

380 428 493 466 Haec
525 442 618 467 caro
649 437 834 466 nectarea
870 427 1058 466 festivum
1094 427 1144 465 sit
1173 427 1275 464 mihi
1305 440 1437 479 pasca,

378 501 497 540 Hanc
530 510 615 552 tege
648 500 862 552 pigmenus
893 499 1174 539 redolentibus
1206 508 1243 537 et
1274 500 1356 538 sale
1385 513 1530 552 pauco.

381 575 484 613 Esca
515 573 731 625 multiplici
762 587 812 611 ne
846 573 959 614 fallas
992 571 1158 611 foedera
1187 571 1299 622 disci,

382 647 462 687 Per
492 647 632 686 varios
662 654 802 696 gustus
837 647 935 684 haec
968 646 1121 684 fercula
1153 653 1293 684 nostra
1334 657 1533 696 regamus.

381 721 559 772 Lignum
589 720 839 772 pomiferum
873 720 905 757 si
936 732 1052 758 roras
1084 722 1192 767 jusse
1225 718 1427 765 fabarum,

381 794 517 832 Radix
549 794 744 832 continuo
777 792 997 830 siccabitur
1028 792 1148 840 hujus
1185 791 1234 828 ab
1272 790 1368 836 imo,

380 867 607 906 Marcescet
637 879 778 913 sucus,
811 872 998 903 vanescet
1030 864 1070 900 iu
1102 864 1251 918 arbore
1285 863 1456 900 fructus.

379 938 521 978 Tussis
553 940 655 977 sicca
686 937 791 975 fabis
824 936 938 974 asino
971 936 1020 973 sit
1050 935 1178 985 gloria
1223 933 1366 982 dulcis,

382 1010 444 1050 Sit
475 1024 557 1049 vox
588 1010 730 1048 scabra
764 1008 880 1046 fabae
912 1008 1093 1058 porcello
1126 1007 1255 1056 gloria
1297 1007 1469 1058 palmae.

379 1084 502 1123 Hisce
534 1082 637 1122 fabis
669 1081 798 1121 virtus
839 1080 980 1119 vitiata
1012 1087 1071 1118 est
1101 1080 1286 1130 corporis
1318 1080 1452 1128 hujus,

377 1155 465 1196 Nec
494 1168 664 1206 possum
694 1162 879 1192 teneram
913 1151 1051 1192 telluri
1087 1151 1251 1202 affigere
1284 1152 1478 1202 plantam,

382 1229 448 1269 Sic
475 1216 621 1280 periit,
670 1227 834 1265 solitum
868 1224 964 1264 dum
1000 1238 1083 1263 non
1116 1225 1238 1262 habet
1270 1222 1383 1262 arida
1416 1230 1590 1274 pastum.

386 1301 492 1341 Sunt
520 1301 621 1339 haec
651 1299 876 1338 barbaricis
911 1296 1141 1336 mandenda
1173 1297 1379 1347 legumina
1411 1295 1590 1342 Francis,

384 1373 451 1413 Sic
472 1375 548 1412 erit
572 1373 710 1411 nullus
732 1373 879 1410 honos.
917 1371 1056 1422 potior
1079 1370 1179 1408 mihi
1202 1370 1400 1420 pristinus
1418 1377 1476 1407 est
1491 1381 1592 1417 mos,

381 1449 504 1487 Hunc
535 1460 694 1485 morem
719 1453 916 1496 repetam,
957 1442 1008 1482 ad
1040 1456 1127 1481 mea
1151 1442 1284 1493 prisca
1310 1455 1534 1480 recurram.

382 1521 554 1559 Devoro
591 1532 701 1556 nunc
737 1531 914 1563 carnem,
944 1516 1195 1566 praeclaram
1228 1527 1403 1566 persono
1434 1526 1588 1563 vocem,

381 1593 487 1633 Sunt
517 1592 636 1631 vituli
674 1604 816 1629 carnes
852 1589 1033 1640 potiores
1065 1602 1185 1640 quam
1228 1587 1439 1639 gobiones,

381 1663 481 1702 Inde
513 1663 673 1701 traham
704 1675 845 1700 sucum
879 1674 1097 1712 crassoque
1145 1660 1318 1698 humore
1349 1660 1534 1705 salutem,

385 1736 450 1776 Fit
482 1736 614 1774 rubor
646 1735 689 1773 in
721 1733 845 1781 facie,
878 1732 1014 1782 pallor
1044 1732 1212 1770 tabescit
1240 1732 1282 1769 in
1315 1744 1400 1778 ore,

382 1806 567 1847 Blandus
598 1805 720 1845 corde
745 1818 881 1856 sapor,
915 1804 1098 1853 fragrans
1129 1801 1246 1851 odor,
1276 1811 1369 1853 apta
1389 1802 1590 1854 voluptas,

381 1879 533 1922 Omnia
563 1891 825 1931 percurram,
865 1888 947 1928 quo
980 1876 1123 1913 limum
1156 1883 1321 1927 pectore
1361 1875 1536 1926 pellam!

855 1950 976 1988 luter.

383 2025 483 2074 ‘Ah,
516 2037 712 2076 perversa
741 2023 901 2074 vigent,
946 2022 1090 2072 legalia
1118 2024 1210 2070 jura
1241 2019 1461 2061 fatiscunt)
1485 2024 1536 2066 413

848 2096 986 2145 lupus.

384 2168 505 2217 ‘Ergo
532 2167 636 2205 sales
664 2166 792 2206 vestri
822 2165 1007 2206 veterani
1037 2163 1118 2203 sint
1149 2165 1235 2203 sine
1268 2159 1420 2202 dente?

383 2238 479 2278 Non
512 2238 643 2289 patiar
676 2247 812 2278 teneas
844 2246 1026 2287 veteres,
1057 2245 1101 2275 ut
1131 2249 1194 2273 me
1225 2234 1327 2274 duce
1357 2233 1507 2284 negas.’

797 2341 800 2344 ,
852 2311 970 2348 luter.

384 2380 442 2421 ‘Si
471 2380 600 2433 sapis,
638 2381 738 2420 haec
771 2381 891 2420 tacito
927 2390 1142 2419 consumes
1172 2378 1299 2417 verba
1328 2377 1478 2428 palato.

385 2453 514 2494 Utere
545 2461 654 2493 sorte
685 2462 779 2504 tua,
829 2452 972 2492 doctus
1003 2451 1151 2504 pietate
1183 2458 1368 2501 paterna,

340 2619 411 2648 270
444 2626 486 2647 ne
522 2625 601 2658 spes
630 2613 753 2647 frustra
782 2616 820 2648 Α,
917 2615 984 2645 271
1023 2615 1167 2645 testetur
1193 2610 1232 2644 Α.
1339 2611 1409 2642 276
1434 2609 1524 2642 uisse
1549 2607 1588 2641 A.

337 2679 403 2709 281
435 2675 526 2709 hisce
551 2675 639 2708 fabe.
736 2678 801 2708 291
835 2675 981 2717 flagrans
1017 2675 1054 2705 A.
