<?xml version="1.0" encoding="UTF-8"?>
<!DOCTYPE html PUBLIC "-//W3C//DTD XHTML 1.0 Transitional//EN"
    "http://www.w3.org/TR/xhtml1/DTD/xhtml1-transitional.dtd">
<html xmlns="http://www.w3.org/1999/xhtml" xml:lang="en" lang="en">
 <head>
  <title>
</title>
<meta http-equiv="Content-Type" content="text/html;charset=utf-8" />
  <meta name='ocr-system' content='tesseract 3.04.00' />
  <meta name='ocr-capabilities' content='ocr_page ocr_carea ocr_par ocr_line ocrx_word'/>
</head>
<body>
  <div class='ocr_page' id='page_1' title='image "./lateinischegedic00grimuoft_0204.png"; bbox 0 0 1721 2938; ppageno 0'>
   <div class='ocr_carea' id='block_1_1' title="bbox 98 1239 249 1274">
    <p class='ocr_par' dir='ltr' id='par_1_1' title="bbox 98 1239 249 1274">
     <span class='ocr_line' id='line_1_1' title="bbox 98 1239 249 1274; baseline 0 -2"><span class='ocrx_word' id='word_1_1' title='bbox 98 1239 249 1274; x_wconf 79' lang='lat' dir='ltr'><strong>sol.l·2b.</strong></span> 
     </span>
    </p>
   </div>
   <div class='ocr_carea' id='block_1_2' title="bbox 250 1384 332 1421">
    <p class='ocr_par' dir='ltr' id='par_1_2' title="bbox 250 1384 332 1421">
     <span class='ocr_line' id='line_1_2' title="bbox 250 1384 332 1421; baseline 0.037 -3"><span class='ocrx_word' id='word_1_2' title='bbox 250 1384 332 1421; x_wconf 83' lang='lat'><strong>225</strong></span> 
     </span>
    </p>
   </div>
   <div class='ocr_carea' id='block_1_3' title="bbox 250 1746 333 1781">
    <p class='ocr_par' dir='ltr' id='par_1_3' title="bbox 250 1746 333 1781">
     <span class='ocr_line' id='line_1_3' title="bbox 250 1746 333 1781; baseline -0.012 0"><span class='ocrx_word' id='word_1_3' title='bbox 250 1746 333 1781; x_wconf 82' lang='lat'><strong>230</strong></span> 
     </span>
    </p>
   </div>
   <div class='ocr_carea' id='block_1_4' title="bbox 256 2460 338 2499">
    <p class='ocr_par' dir='ltr' id='par_1_4' title="bbox 256 2460 338 2499">
     <span class='ocr_line' id='line_1_4' title="bbox 256 2460 338 2499; baseline 0 -1"><span class='ocrx_word' id='word_1_4' title='bbox 256 2460 338 2499; x_wconf 82' lang='lat'><strong>240</strong></span> 
     </span>
    </p>
   </div>
   <div class='ocr_carea' id='block_1_5' title="bbox 567 135 1280 193">
    <p class='ocr_par' dir='ltr' id='par_1_5' title="bbox 567 135 1280 193">
     <span class='ocr_line' id='line_1_5' title="bbox 567 135 1280 193; baseline 0.001 -16"><span class='ocrx_word' id='word_1_5' title='bbox 567 135 609 177; x_wconf 83' lang='lat' dir='ltr'>R</span> <span class='ocrx_word' id='word_1_6' title='bbox 625 135 663 178; x_wconf 81' lang='lat' dir='ltr'><strong>u</strong></span> <span class='ocrx_word' id='word_1_7' title='bbox 680 136 719 177; x_wconf 95' lang='lat' dir='ltr'><strong>o</strong></span> <span class='ocrx_word' id='word_1_8' title='bbox 736 136 775 178; x_wconf 87' lang='lat' dir='ltr'><em>D</em></span> <span class='ocrx_word' id='word_1_9' title='bbox 791 135 827 178; x_wconf 81' lang='lat' dir='ltr'>L</span> <span class='ocrx_word' id='word_1_10' title='bbox 846 137 863 178; x_wconf 93' lang='lat'><em>1</em></span> <span class='ocrx_word' id='word_1_11' title='bbox 880 135 915 178; x_wconf 82' lang='lat' dir='ltr'><strong>E</strong></span> <span class='ocrx_word' id='word_1_12' title='bbox 934 136 970 179; x_wconf 86' lang='lat' dir='ltr'>B</span> <span class='ocrx_word' id='word_1_13' title='bbox 1028 137 1181 193; x_wconf 74' lang='lat' dir='ltr'><strong>fragm.</strong></span> <span class='ocrx_word' id='word_1_14' title='bbox 1203 138 1280 181; x_wconf 86' lang='lat'>111.</span> 
     </span>
    </p>
   </div>
   <div class='ocr_carea' id='block_1_6' title="bbox 389 288 1601 2725">
    <p class='ocr_par' dir='ltr' id='par_1_6' title="bbox 393 288 1598 413">
     <span class='ocr_line' id='line_1_6' title="bbox 393 288 1598 343; baseline 0.004 -14"><span class='ocrx_word' id='word_1_15' title='bbox 393 291 481 330; x_wconf 86' lang='lat' dir='ltr'><strong>Nec</strong></span> <span class='ocrx_word' id='word_1_16' title='bbox 501 290 594 330; x_wconf 90' lang='lat' dir='ltr'><strong>volo</strong></span> <span class='ocrx_word' id='word_1_17' title='bbox 615 290 887 340; x_wconf 84' lang='lat' dir='ltr'><strong>praesulibus,</strong></span> <span class='ocrx_word' id='word_1_18' title='bbox 908 288 1094 338; x_wconf 86' lang='lat' dir='ltr'><strong>ducibus,</strong></span> <span class='ocrx_word' id='word_1_19' title='bbox 1117 290 1216 343; x_wconf 82' lang='lat' dir='ltr'><strong>quid</strong></span> <span class='ocrx_word' id='word_1_20' title='bbox 1237 292 1491 343; x_wconf 79' lang='lat' dir='ltr'><strong>praesidibus</strong></span> <span class='ocrx_word' id='word_1_21' title='bbox 1515 294 1598 334; x_wconf 76' lang='lat' dir='ltr'><strong>des.</strong></span> 
     </span>
     <span class='ocr_line' id='line_1_7' title="bbox 395 358 1404 413; baseline 0.005 -16"><span class='ocrx_word' id='word_1_22' title='bbox 395 358 518 408; x_wconf 86' lang='lat' dir='ltr'><strong>Quod</strong></span> <span class='ocrx_word' id='word_1_23' title='bbox 553 359 780 400; x_wconf 74' lang='lat' dir='ltr'><strong>coenobitis</strong></span> <span class='ocrx_word' id='word_1_24' title='bbox 811 360 924 400; x_wconf 84' lang='lat' dir='ltr'><strong>dabis</strong></span> <span class='ocrx_word' id='word_1_25' title='bbox 955 371 1024 401; x_wconf 87' lang='lat' dir='ltr'><strong>aut</strong></span> <span class='ocrx_word' id='word_1_26' title='bbox 1054 362 1272 401; x_wconf 87' lang='lat' dir='ltr'><strong>abbatibus</strong></span> <span class='ocrx_word' id='word_1_27' title='bbox 1305 363 1404 413; x_wconf 78' lang='lat' dir='ltr'><strong>istis,</strong></span> 
     </span>
    </p>

    <p class='ocr_par' dir='ltr' id='par_1_7' title="bbox 391 432 1487 485">
     <span class='ocr_line' id='line_1_8' title="bbox 391 432 1487 485; baseline 0.004 -13"><span class='ocrx_word' id='word_1_28' title='bbox 391 432 487 472; x_wconf 91' lang='lat' dir='ltr'><strong>Non</strong></span> <span class='ocrx_word' id='word_1_29' title='bbox 521 440 663 472; x_wconf 84' lang='lat' dir='ltr'><strong>contra</strong></span> <span class='ocrx_word' id='word_1_30' title='bbox 693 432 806 481; x_wconf 85' lang='lat' dir='ltr'><strong>dico,</strong></span> <span class='ocrx_word' id='word_1_31' title='bbox 837 433 934 485; x_wconf 85' lang='lat' dir='ltr'><strong>quia</strong></span> <span class='ocrx_word' id='word_1_32' title='bbox 965 433 1152 473; x_wconf 83' lang='lat' dir='ltr'><strong>redditur</strong></span> <span class='ocrx_word' id='word_1_33' title='bbox 1189 433 1228 473; x_wconf 89' lang='lat' dir='ltr'><strong>id</strong></span> <span class='ocrx_word' id='word_1_34' title='bbox 1261 435 1337 473; x_wconf 80' lang='lat' dir='ltr'><strong>tibi</strong></span> <span class='ocrx_word' id='word_1_35' title='bbox 1366 449 1487 475; x_wconf 85' lang='lat' dir='ltr'><strong>vero:</strong></span> 
     </span>
    </p>

    <p class='ocr_par' dir='ltr' id='par_1_8' title="bbox 393 504 1356 556">
     <span class='ocr_line' id='line_1_9' title="bbox 393 504 1356 556; baseline 0.001 -12"><span class='ocrx_word' id='word_1_36' title='bbox 393 506 448 544; x_wconf 92' lang='lat' dir='ltr'><strong>Hi</strong></span> <span class='ocrx_word' id='word_1_37' title='bbox 481 512 579 544; x_wconf 87' lang='lat' dir='ltr'><strong>sunt</strong></span> <span class='ocrx_word' id='word_1_38' title='bbox 608 504 761 543; x_wconf 80' lang='lat' dir='ltr'>assidui</span> <span class='ocrx_word' id='word_1_39' title='bbox 792 505 1036 544; x_wconf 74' lang='lat' dir='ltr'>famulantes</span> <span class='ocrx_word' id='word_1_40' title='bbox 1068 506 1356 556; x_wconf 82' lang='lat' dir='ltr'><strong>omnipotenti,</strong></span> 
     </span>
    </p>

    <p class='ocr_par' dir='ltr' id='par_1_9' title="bbox 396 576 1330 632">
     <span class='ocr_line' id='line_1_10' title="bbox 396 576 1330 632; baseline -0.001 -14"><span class='ocrx_word' id='word_1_41' title='bbox 396 576 529 618; x_wconf 84' lang='lat' dir='ltr'>Orant</span> <span class='ocrx_word' id='word_1_42' title='bbox 559 586 597 616; x_wconf 89' lang='lat' dir='ltr'><strong>et</strong></span> <span class='ocrx_word' id='word_1_43' title='bbox 626 591 702 629; x_wconf 87' lang='lat' dir='ltr'><strong>pro</strong></span> <span class='ocrx_word' id='word_1_44' title='bbox 733 585 772 615; x_wconf 88' lang='lat' dir='ltr'><strong>te</strong></span> <span class='ocrx_word' id='word_1_45' title='bbox 803 577 983 617; x_wconf 84' lang='lat' dir='ltr'><strong>studiose</strong></span> <span class='ocrx_word' id='word_1_46' title='bbox 1015 587 1131 618; x_wconf 91' lang='lat' dir='ltr'><strong>nocte</strong></span> <span class='ocrx_word' id='word_1_47' title='bbox 1169 577 1330 632; x_wconf 86' lang='lat' dir='ltr'><strong>dieque,</strong></span> 
     </span>
    </p>

    <p class='ocr_par' dir='ltr' id='par_1_10' title="bbox 393 649 1421 703">
     <span class='ocr_line' id='line_1_11' title="bbox 393 649 1421 703; baseline 0.001 -14"><span class='ocrx_word' id='word_1_48' title='bbox 393 650 445 690; x_wconf 81' lang='lat' dir='ltr'><strong>Et</strong></span> <span class='ocrx_word' id='word_1_49' title='bbox 476 649 588 703; x_wconf 88' lang='lat' dir='ltr'><strong>quod</strong></span> <span class='ocrx_word' id='word_1_50' title='bbox 622 649 693 689; x_wconf 88' lang='lat' dir='ltr'><strong>das</strong></span> <span class='ocrx_word' id='word_1_51' title='bbox 723 650 825 697; x_wconf 86' lang='lat' dir='ltr'><strong>illis,</strong></span> <span class='ocrx_word' id='word_1_52' title='bbox 856 651 989 702; x_wconf 85' lang='lat' dir='ltr'><strong>pariet</strong></span> <span class='ocrx_word' id='word_1_53' title='bbox 1019 650 1094 689; x_wconf 89' lang='lat' dir='ltr'><strong>tibi</strong></span> <span class='ocrx_word' id='word_1_54' title='bbox 1122 650 1271 701; x_wconf 82' lang='lat' dir='ltr'><strong>gaudia</strong></span> <span class='ocrx_word' id='word_1_55' title='bbox 1305 652 1421 691; x_wconf 81' lang='lat' dir='ltr'><strong>lucis.</strong></span> 
     </span>
    </p>

    <p class='ocr_par' dir='ltr' id='par_1_11' title="bbox 395 723 1417 775">
     <span class='ocr_line' id='line_1_12' title="bbox 395 723 1417 775; baseline 0 -13"><span class='ocrx_word' id='word_1_56' title='bbox 395 724 509 763; x_wconf 82' lang='lat' dir='ltr'>Inter</span> <span class='ocrx_word' id='word_1_57' title='bbox 530 731 751 764; x_wconf 77' lang='lat' dir='ltr'>summates</span> <span class='ocrx_word' id='word_1_58' title='bbox 777 724 875 762; x_wconf 89' lang='lat' dir='ltr'><strong>nolo</strong></span> <span class='ocrx_word' id='word_1_59' title='bbox 900 724 999 775; x_wconf 12' lang='lat' dir='ltr'><strong>*plus</strong></span> <span class='ocrx_word' id='word_1_60' title='bbox 1031 726 1214 763; x_wconf 86' lang='lat' dir='ltr'><strong>muneris</strong></span> <span class='ocrx_word' id='word_1_61' title='bbox 1241 732 1286 764; x_wconf 91' lang='lat' dir='ltr'><strong>ut</strong></span> <span class='ocrx_word' id='word_1_62' title='bbox 1320 723 1417 763; x_wconf 59' lang='lat' dir='ltr'><strong>des!</strong></span> 
     </span>
    </p>

    <p class='ocr_par' dir='ltr' id='par_1_12' title="bbox 394 796 1318 843">
     <span class='ocr_line' id='line_1_13' title="bbox 394 796 1318 843; baseline 0.001 -8"><span class='ocrx_word' id='word_1_63' title='bbox 394 796 530 837; x_wconf 86' lang='lat' dir='ltr'><strong>Gratis</strong></span> <span class='ocrx_word' id='word_1_64' title='bbox 561 811 612 834; x_wconf 88' lang='lat' dir='ltr'><strong>an</strong></span> <span class='ocrx_word' id='word_1_65' title='bbox 645 797 797 836; x_wconf 87' lang='lat' dir='ltr'><strong>oblitus</strong></span> <span class='ocrx_word' id='word_1_66' title='bbox 830 796 1018 836; x_wconf 85' lang='lat' dir='ltr'><strong>reticeret</strong></span> <span class='ocrx_word' id='word_1_67' title='bbox 1048 796 1081 835; x_wconf 88' lang='lat' dir='ltr'><strong>is</strong></span> <span class='ocrx_word' id='word_1_68' title='bbox 1113 797 1318 843; x_wconf 77' lang='lat' dir='ltr'><strong>officiales,</strong></span> 
     </span>
    </p>

    <p class='ocr_par' dir='ltr' id='par_1_13' title="bbox 390 868 1398 918">
     <span class='ocr_line' id='line_1_14' title="bbox 390 868 1398 918; baseline 0 -10"><span class='ocrx_word' id='word_1_69' title='bbox 390 868 447 908; x_wconf 90' lang='lat' dir='ltr'><strong>Hi</strong></span> <span class='ocrx_word' id='word_1_70' title='bbox 476 870 583 907; x_wconf 89' lang='lat' dir='ltr'><strong>bene</strong></span> <span class='ocrx_word' id='word_1_71' title='bbox 614 868 846 918; x_wconf 84' lang='lat' dir='ltr'><strong>donantur,</strong></span> <span class='ocrx_word' id='word_1_72' title='bbox 880 870 1067 908; x_wconf 76' lang='lat' dir='ltr'>secretim</span> <span class='ocrx_word' id='word_1_73' title='bbox 1094 871 1177 908; x_wconf 79' lang='lat' dir='ltr'><strong>sive</strong></span> <span class='ocrx_word' id='word_1_74' title='bbox 1210 872 1398 909; x_wconf 79' lang='lat' dir='ltr'><strong>beantur.</strong></span> 
     </span>
    </p>

    <p class='ocr_par' dir='ltr' id='par_1_14' title="bbox 389 943 1600 1142">
     <span class='ocr_line' id='line_1_15' title="bbox 389 943 1543 997; baseline 0 -15"><span class='ocrx_word' id='word_1_75' title='bbox 389 945 479 984; x_wconf 89' lang='lat' dir='ltr'><strong>Hoc</strong></span> <span class='ocrx_word' id='word_1_76' title='bbox 512 958 636 996; x_wconf 87' lang='lat' dir='ltr'><strong>super</strong></span> <span class='ocrx_word' id='word_1_77' title='bbox 666 943 841 983; x_wconf 89' lang='lat' dir='ltr'><strong>edictum</strong></span> <span class='ocrx_word' id='word_1_78' title='bbox 873 958 956 984; x_wconf 92' lang='lat' dir='ltr'><strong>non</strong></span> <span class='ocrx_word' id='word_1_79' title='bbox 983 958 1106 984; x_wconf 87' lang='lat' dir='ltr'><strong>ausus</strong></span> <span class='ocrx_word' id='word_1_80' title='bbox 1140 952 1199 984; x_wconf 88' lang='lat' dir='ltr'><strong>est</strong></span> <span class='ocrx_word' id='word_1_81' title='bbox 1228 944 1325 984; x_wconf 88' lang='lat' dir='ltr'><strong>dare</strong></span> <span class='ocrx_word' id='word_1_82' title='bbox 1354 944 1543 997; x_wconf 82' lang='lat' dir='ltr'><strong>cuiquam</strong></span> 
     </span>
     <span class='ocr_line' id='line_1_16' title="bbox 393 1015 1600 1069; baseline -0.002 -14"><span class='ocrx_word' id='word_1_83' title='bbox 393 1016 560 1055; x_wconf 83' lang='lat' dir='ltr'>Grande</span> <span class='ocrx_word' id='word_1_84' title='bbox 588 1017 651 1056; x_wconf 88' lang='lat' dir='ltr'><strong>vel</strong></span> <span class='ocrx_word' id='word_1_85' title='bbox 672 1017 879 1067; x_wconf 80' lang='lat' dir='ltr'><strong>exiguum,</strong></span> <span class='ocrx_word' id='word_1_86' title='bbox 908 1031 984 1055; x_wconf 89' lang='lat' dir='ltr'><strong>nec</strong></span> <span class='ocrx_word' id='word_1_87' title='bbox 1019 1015 1223 1056; x_wconf 79' lang='lat' dir='ltr'><strong>desiderat</strong></span> <span class='ocrx_word' id='word_1_88' title='bbox 1248 1017 1339 1069; x_wconf 88' lang='lat' dir='ltr'><strong>quis</strong></span> <span class='ocrx_word' id='word_1_89' title='bbox 1370 1029 1525 1055; x_wconf 87' lang='lat' dir='ltr'><strong>eorum.</strong></span> <span class='ocrx_word' id='word_1_90' title='bbox 1544 1036 1600 1045; x_wconf 92' lang='lat'><strong>—·</strong></span> 
     </span>
     <span class='ocr_line' id='line_1_17' title="bbox 393 1088 1289 1142; baseline -0.002 -13"><span class='ocrx_word' id='word_1_91' title='bbox 393 1089 524 1141; x_wconf 80' lang='lat' dir='ltr'><strong>Reges</strong></span> <span class='ocrx_word' id='word_1_92' title='bbox 555 1088 662 1127; x_wconf 84' lang='lat' dir='ltr'><strong>inter</strong></span> <span class='ocrx_word' id='word_1_93' title='bbox 693 1102 734 1127; x_wconf 87' lang='lat' dir='ltr'><strong>se</strong></span> <span class='ocrx_word' id='word_1_94' title='bbox 767 1088 934 1142; x_wconf 86' lang='lat' dir='ltr'><strong>quaudo</strong></span> <span class='ocrx_word' id='word_1_95' title='bbox 967 1088 1109 1128; x_wconf 81' lang='lat' dir='ltr'><strong>dixere</strong></span> <span class='ocrx_word' id='word_1_96' title='bbox 1144 1090 1289 1137; x_wconf 86' lang='lat' dir='ltr'><strong>valete,</strong></span> 
     </span>
    </p>

    <p class='ocr_par' dir='ltr' id='par_1_15' title="bbox 391 1159 1598 1359">
     <span class='ocr_line' id='line_1_18' title="bbox 394 1159 1516 1214; baseline -0.004 -12"><span class='ocrx_word' id='word_1_97' title='bbox 394 1159 545 1202; x_wconf 85' lang='lat' dir='ltr'><strong>Oscula</strong></span> <span class='ocrx_word' id='word_1_98' title='bbox 577 1160 714 1201; x_wconf 88' lang='lat' dir='ltr'><strong>dando</strong></span> <span class='ocrx_word' id='word_1_99' title='bbox 742 1162 819 1200; x_wconf 89' lang='lat' dir='ltr'>sibi</span> <span class='ocrx_word' id='word_1_100' title='bbox 850 1162 981 1213; x_wconf 82' lang='lat' dir='ltr'><strong>placet</strong></span> <span class='ocrx_word' id='word_1_101' title='bbox 1010 1162 1072 1201; x_wconf 83' lang='lat' dir='ltr'><strong>his</strong></span> <span class='ocrx_word' id='word_1_102' title='bbox 1103 1159 1320 1214; x_wconf 82' lang='lat' dir='ltr'><strong>patriando</strong></span> <span class='ocrx_word' id='word_1_103' title='bbox 1349 1160 1516 1200; x_wconf 86' lang='lat' dir='ltr'><strong>reverti.</strong></span> 
     </span>
     <span class='ocr_line' id='line_1_19' title="bbox 392 1234 1598 1288; baseline 0 -15"><span class='ocrx_word' id='word_1_104' title='bbox 392 1234 581 1288; x_wconf 84' lang='lat' dir='ltr'><strong>Cumque</strong></span> <span class='ocrx_word' id='word_1_105' title='bbox 613 1234 778 1274; x_wconf 89' lang='lat' dir='ltr'><strong>domum</strong></span> <span class='ocrx_word' id='word_1_106' title='bbox 810 1234 1011 1283; x_wconf 84' lang='lat' dir='ltr'><strong>redeunt,</strong></span> <span class='ocrx_word' id='word_1_107' title='bbox 1041 1235 1141 1284; x_wconf 81' lang='lat' dir='ltr'><strong>juris</strong></span> <span class='ocrx_word' id='word_1_108' title='bbox 1170 1235 1414 1288; x_wconf 82' lang='lat' dir='ltr'><strong>propriique</strong></span> <span class='ocrx_word' id='word_1_109' title='bbox 1434 1235 1598 1284; x_wconf 88' lang='lat' dir='ltr'><strong>fiebant,</strong></span> 
     </span>
     <span class='ocr_line' id='line_1_20' title="bbox 391 1307 1353 1359; baseline -0.002 -12"><span class='ocrx_word' id='word_1_110' title='bbox 391 1307 567 1348; x_wconf 67' lang='lat' dir='ltr'><strong>Rbdlieb</strong></span> <span class='ocrx_word' id='word_1_111' title='bbox 600 1307 769 1347; x_wconf 86' lang='lat' dir='ltr'><strong>dilectae</strong></span> <span class='ocrx_word' id='word_1_112' title='bbox 800 1308 941 1346; x_wconf 86' lang='lat' dir='ltr'><strong>matris</strong></span> <span class='ocrx_word' id='word_1_113' title='bbox 984 1321 1155 1346; x_wconf 88' lang='lat' dir='ltr'><strong>cernens</strong></span> <span class='ocrx_word' id='word_1_114' title='bbox 1184 1307 1353 1359; x_wconf 87' lang='lat' dir='ltr'><strong>inopine</strong></span> 
     </span>
    </p>

    <p class='ocr_par' dir='ltr' id='par_1_16' title="bbox 390 1379 1601 1865">
     <span class='ocr_line' id='line_1_21' title="bbox 393 1379 1515 1433; baseline -0.003 -13"><span class='ocrx_word' id='word_1_115' title='bbox 393 1380 457 1420; x_wconf 80' lang='lat' dir='ltr'><strong>Ad</strong></span> <span class='ocrx_word' id='word_1_116' title='bbox 487 1395 574 1420; x_wconf 87' lang='lat' dir='ltr'><strong>sese</strong></span> <span class='ocrx_word' id='word_1_117' title='bbox 605 1380 773 1419; x_wconf 88' lang='lat' dir='ltr'><strong>missum</strong></span> <span class='ocrx_word' id='word_1_118' title='bbox 805 1379 1011 1433; x_wconf 86' lang='lat' dir='ltr'><strong>quendam</strong></span> <span class='ocrx_word' id='word_1_119' title='bbox 1041 1381 1147 1419; x_wconf 88' lang='lat' dir='ltr'><strong>bene</strong></span> <span class='ocrx_word' id='word_1_120' title='bbox 1177 1380 1346 1432; x_wconf 86' lang='lat' dir='ltr'><strong>suscipit</strong></span> <span class='ocrx_word' id='word_1_121' title='bbox 1385 1380 1515 1418; x_wconf 89' lang='lat' dir='ltr'><strong>illum.</strong></span> 
     </span>
     <span class='ocr_line' id='line_1_22' title="bbox 390 1446 1601 1506; baseline -0.002 -15"><span class='ocrx_word' id='word_1_122' title='bbox 390 1452 453 1491; x_wconf 85' lang='lat' dir='ltr'><strong>Ad</strong></span> <span class='ocrx_word' id='word_1_123' title='bbox 490 1467 611 1506; x_wconf 88' lang='lat' dir='ltr'><strong>quem</strong></span> <span class='ocrx_word' id='word_1_124' title='bbox 648 1453 704 1492; x_wconf 88' lang='lat' dir='ltr'><strong>sic</strong></span> <span class='ocrx_word' id='word_1_125' title='bbox 735 1451 861 1492; x_wconf 83' lang='lat' dir='ltr'><strong>dixit:</strong></span> <span class='ocrx_word' id='word_1_126' title='bbox 907 1453 1010 1491; x_wconf 79' lang='lat' dir='ltr'><strong>‘mea</strong></span> <span class='ocrx_word' id='word_1_127' title='bbox 1052 1459 1183 1491; x_wconf 88' lang='lat' dir='ltr'><strong>mater</strong></span> <span class='ocrx_word' id='word_1_128' title='bbox 1221 1465 1383 1504; x_wconf 87' lang='lat' dir='ltr'><strong>sospes,</strong></span> <span class='ocrx_word' id='word_1_129' title='bbox 1417 1451 1467 1500; x_wconf 81' lang='lat' dir='ltr'><strong>ai,</strong></span> <span class='ocrx_word' id='word_1_130' title='bbox 1498 1446 1601 1489; x_wconf 77' lang='lat' dir='ltr'><strong>sit?&#39;</strong></span> 
     </span>
     <span class='ocr_line' id='line_1_23' title="bbox 392 1523 1525 1577; baseline -0.003 -13"><span class='ocrx_word' id='word_1_131' title='bbox 392 1524 647 1577; x_wconf 81' lang='lat' dir='ltr'><strong>Respondit:</strong></span> <span class='ocrx_word' id='word_1_132' title='bbox 678 1524 815 1572; x_wconf 82' lang='lat' dir='ltr'><strong>‘vivit,</strong></span> <span class='ocrx_word' id='word_1_133' title='bbox 846 1525 954 1563; x_wconf 85' lang='lat' dir='ltr'><strong>valet</strong></span> <span class='ocrx_word' id='word_1_134' title='bbox 984 1532 1023 1562; x_wconf 89' lang='lat' dir='ltr'><strong>et</strong></span> <span class='ocrx_word' id='word_1_135' title='bbox 1052 1525 1180 1572; x_wconf 87' lang='lat' dir='ltr'><strong>bene,</strong></span> <span class='ocrx_word' id='word_1_136' title='bbox 1211 1526 1276 1564; x_wconf 85' lang='lat' dir='ltr'><strong>vel</strong></span> <span class='ocrx_word' id='word_1_137' title='bbox 1306 1523 1383 1563; x_wconf 82' lang='lat' dir='ltr'><strong>tihi</strong></span> <span class='ocrx_word' id='word_1_138' title='bbox 1416 1523 1525 1562; x_wconf 81' lang='lat' dir='ltr'><strong>misit</strong></span> 
     </span>
     <span class='ocr_line' id='line_1_24' title="bbox 392 1595 1517 1650; baseline -0.002 -13"><span class='ocrx_word' id='word_1_139' title='bbox 392 1599 494 1637; x_wconf 86' lang='lat' dir='ltr'><strong>Istas</strong></span> <span class='ocrx_word' id='word_1_140' title='bbox 524 1597 744 1645; x_wconf 87' lang='lat' dir='ltr'><strong>litterulas,</strong></span> <span class='ocrx_word' id='word_1_141' title='bbox 776 1597 920 1635; x_wconf 89' lang='lat' dir='ltr'><strong>melius</strong></span> <span class='ocrx_word' id='word_1_142' title='bbox 952 1598 1101 1650; x_wconf 88' lang='lat' dir='ltr'><strong>quibus</strong></span> <span class='ocrx_word' id='word_1_143' title='bbox 1136 1611 1179 1636; x_wconf 91' lang='lat' dir='ltr'><strong>ac</strong></span> <span class='ocrx_word' id='word_1_144' title='bbox 1210 1596 1310 1634; x_wconf 82' lang='lat' dir='ltr'><strong>mihi</strong></span> <span class='ocrx_word' id='word_1_145' title='bbox 1349 1595 1517 1635; x_wconf 58' lang='lat' dir='ltr'><strong>credas?</strong></span> 
     </span>
     <span class='ocr_line' id='line_1_25' title="bbox 395 1668 1490 1723; baseline -0.002 -14"><span class='ocrx_word' id='word_1_146' title='bbox 395 1671 675 1723; x_wconf 85' lang='lat' dir='ltr'><strong>Susceptaque</strong></span> <span class='ocrx_word' id='word_1_147' title='bbox 714 1668 802 1709; x_wconf 88' lang='lat' dir='ltr'><strong>dice</strong></span> <span class='ocrx_word' id='word_1_148' title='bbox 838 1669 1008 1708; x_wconf 85' lang='lat' dir='ltr'><strong>sciolum</strong></span> <span class='ocrx_word' id='word_1_149' title='bbox 1041 1669 1133 1708; x_wconf 76' lang='lat' dir='ltr'><strong>facit</strong></span> <span class='ocrx_word' id='word_1_150' title='bbox 1164 1669 1269 1719; x_wconf 80' lang='lat' dir='ltr'><strong>hanc</strong></span> <span class='ocrx_word' id='word_1_151' title='bbox 1305 1669 1490 1708; x_wconf 85' lang='lat' dir='ltr'><strong>recitare.</strong></span> 
     </span>
     <span class='ocr_line' id='line_1_26' title="bbox 393 1739 1599 1793; baseline -0.002 -12"><span class='ocrx_word' id='word_1_152' title='bbox 393 1739 525 1790; x_wconf 87' lang='lat' dir='ltr'><strong>Quam</strong></span> <span class='ocrx_word' id='word_1_153' title='bbox 543 1755 669 1793; x_wconf 86' lang='lat' dir='ltr'><strong>super</strong></span> <span class='ocrx_word' id='word_1_154' title='bbox 685 1748 727 1779; x_wconf 87' lang='lat' dir='ltr'><strong>ut</strong></span> <span class='ocrx_word' id='word_1_155' title='bbox 742 1740 850 1790; x_wconf 81' lang='lat' dir='ltr'><strong>legit,</strong></span> <span class='ocrx_word' id='word_1_156' title='bbox 865 1739 940 1779; x_wconf 89' lang='lat' dir='ltr'><strong>ait:</strong></span> <span class='ocrx_word' id='word_1_157' title='bbox 962 1739 1156 1778; x_wconf 84' lang='lat' dir='ltr'><strong>‘arbitror</strong></span> <span class='ocrx_word' id='word_1_158' title='bbox 1171 1739 1270 1778; x_wconf 84' lang='lat' dir='ltr'><strong>haec</strong></span> <span class='ocrx_word' id='word_1_159' title='bbox 1286 1740 1423 1779; x_wconf 83' lang='lat' dir='ltr'><strong>brevis</strong></span> <span class='ocrx_word' id='word_1_160' title='bbox 1442 1739 1599 1792; x_wconf 89' lang='lat' dir='ltr'><strong>inquit:</strong></span> 
     </span>
     <span class='ocr_line' id='line_1_27' title="bbox 390 1809 1419 1865; baseline -0.006 -12"><span class='ocrx_word' id='word_1_161' title='bbox 390 1814 499 1865; x_wconf 85' lang='lat' dir='ltr'><strong>Ergo</strong></span> <span class='ocrx_word' id='word_1_162' title='bbox 531 1813 593 1852; x_wconf 81' lang='lat' dir='ltr'><strong>tui</strong></span> <span class='ocrx_word' id='word_1_163' title='bbox 626 1811 785 1852; x_wconf 86' lang='lat' dir='ltr'><strong>domini</strong></span> <span class='ocrx_word' id='word_1_164' title='bbox 816 1811 952 1851; x_wconf 88' lang='lat' dir='ltr'><strong>cuncti</strong></span> <span class='ocrx_word' id='word_1_165' title='bbox 981 1811 1057 1850; x_wconf 83' lang='lat' dir='ltr'><strong>tibi</strong></span> <span class='ocrx_word' id='word_1_166' title='bbox 1087 1809 1206 1851; x_wconf 82' lang='lat' dir='ltr'><strong>valde</strong></span> <span class='ocrx_word' id='word_1_167' title='bbox 1237 1809 1419 1860; x_wconf 83' lang='lat' dir='ltr'><strong>benigni,</strong></span> 
     </span>
    </p>

    <p class='ocr_par' dir='ltr' id='par_1_17' title="bbox 391 1881 1492 2008">
     <span class='ocr_line' id='line_1_28' title="bbox 391 1881 1492 1936; baseline -0.003 -13"><span class='ocrx_word' id='word_1_168' title='bbox 391 1885 449 1924; x_wconf 79' lang='lat' dir='ltr'><strong>Ut</strong></span> <span class='ocrx_word' id='word_1_169' title='bbox 477 1883 642 1933; x_wconf 87' lang='lat' dir='ltr'><strong>redeas,</strong></span> <span class='ocrx_word' id='word_1_170' title='bbox 674 1885 874 1936; x_wconf 81' lang='lat' dir='ltr'><strong>petimus,</strong></span> <span class='ocrx_word' id='word_1_171' title='bbox 905 1898 997 1922; x_wconf 87' lang='lat' dir='ltr'><strong>nam</strong></span> <span class='ocrx_word' id='word_1_172' title='bbox 1032 1892 1069 1923; x_wconf 82' lang='lat' dir='ltr'><strong>te</strong></span> <span class='ocrx_word' id='word_1_173' title='bbox 1098 1883 1274 1922; x_wconf 87' lang='lat' dir='ltr'><strong>caruisse</strong></span> <span class='ocrx_word' id='word_1_174' title='bbox 1307 1881 1492 1921; x_wconf 87' lang='lat' dir='ltr'><strong>dolemus</strong></span> 
     </span>
     <span class='ocr_line' id='line_1_29' title="bbox 392 1953 1422 2008; baseline -0.002 -15"><span class='ocrx_word' id='word_1_175' title='bbox 392 1955 670 2007; x_wconf 85' lang='lat' dir='ltr'><strong>Temporibus</strong></span> <span class='ocrx_word' id='word_1_176' title='bbox 699 1957 846 2004; x_wconf 80' lang='lat' dir='ltr'><strong>tantis,</strong></span> <span class='ocrx_word' id='word_1_177' title='bbox 873 1962 1047 2007; x_wconf 85' lang='lat' dir='ltr'><strong>propter</strong></span> <span class='ocrx_word' id='word_1_178' title='bbox 1082 1967 1186 2008; x_wconf 85' lang='lat' dir='ltr'><strong>quos</strong></span> <span class='ocrx_word' id='word_1_179' title='bbox 1229 1953 1422 2002; x_wconf 79' lang='lat' dir='ltr'><strong>exssiaris,</strong></span> 
     </span>
    </p>

    <p class='ocr_par' dir='ltr' id='par_1_18' title="bbox 390 2026 1330 2074">
     <span class='ocr_line' id='line_1_30' title="bbox 390 2026 1330 2074; baseline -0.001 -8"><span class='ocrx_word' id='word_1_180' title='bbox 390 2027 443 2067; x_wconf 89' lang='lat' dir='ltr'><strong>Et</strong></span> <span class='ocrx_word' id='word_1_181' title='bbox 474 2026 603 2066; x_wconf 84' lang='lat' dir='ltr'><strong>faidas</strong></span> <span class='ocrx_word' id='word_1_182' title='bbox 633 2027 674 2066; x_wconf 90' lang='lat' dir='ltr'><strong>in</strong></span> <span class='ocrx_word' id='word_1_183' title='bbox 707 2035 745 2066; x_wconf 81' lang='lat' dir='ltr'><strong>te</strong></span> <span class='ocrx_word' id='word_1_184' title='bbox 778 2041 860 2067; x_wconf 89' lang='lat' dir='ltr'><strong>non</strong></span> <span class='ocrx_word' id='word_1_185' title='bbox 892 2027 1076 2066; x_wconf 82' lang='lat' dir='ltr'><strong>cessabas</strong></span> <span class='ocrx_word' id='word_1_186' title='bbox 1107 2028 1330 2074; x_wconf 82' lang='lat' dir='ltr'><strong>cumulare,</strong></span> 
     </span>
    </p>

    <p class='ocr_par' dir='ltr' id='par_1_19' title="bbox 394 2098 1421 2210">
     <span class='ocr_line' id='line_1_31' title="bbox 394 2098 1421 2153; baseline -0.005 -13"><span class='ocrx_word' id='word_1_187' title='bbox 394 2100 541 2140; x_wconf 86' lang='lat' dir='ltr'><strong>Donec</strong></span> <span class='ocrx_word' id='word_1_188' title='bbox 573 2114 593 2138; x_wconf 92' lang='lat' dir='ltr'><strong>e</strong></span> <span class='ocrx_word' id='word_1_189' title='bbox 623 2100 755 2151; x_wconf 80' lang='lat' dir='ltr'><strong>patria</strong></span> <span class='ocrx_word' id='word_1_190' title='bbox 786 2098 946 2150; x_wconf 82' lang='lat' dir='ltr'><strong>fugiens</strong></span> <span class='ocrx_word' id='word_1_191' title='bbox 976 2099 1080 2153; x_wconf 78' lang='lat' dir='ltr'><strong>petis</strong></span> <span class='ocrx_word' id='word_1_192' title='bbox 1111 2107 1251 2138; x_wconf 83' lang='lat' dir='ltr'><strong>extera</strong></span> <span class='ocrx_word' id='word_1_193' title='bbox 1282 2111 1421 2148; x_wconf 83' lang='lat' dir='ltr'><strong>regna,</strong></span> 
     </span>
     <span class='ocr_line' id='line_1_32' title="bbox 394 2169 1392 2210; baseline -0.002 -1"><span class='ocrx_word' id='word_1_194' title='bbox 394 2169 553 2209; x_wconf 87' lang='lat' dir='ltr'><strong>Scimus</strong></span> <span class='ocrx_word' id='word_1_195' title='bbox 589 2170 659 2209; x_wconf 86' lang='lat' dir='ltr'><strong>ubi</strong></span> <span class='ocrx_word' id='word_1_196' title='bbox 688 2171 838 2209; x_wconf 87' lang='lat' dir='ltr'><strong>multos</strong></span> <span class='ocrx_word' id='word_1_197' title='bbox 867 2178 906 2209; x_wconf 84' lang='lat' dir='ltr'><strong>te</strong></span> <span class='ocrx_word' id='word_1_198' title='bbox 938 2170 1177 2210; x_wconf 84' lang='lat' dir='ltr'><strong>sustinuisse</strong></span> <span class='ocrx_word' id='word_1_199' title='bbox 1213 2171 1392 2209; x_wconf 81' lang='lat' dir='ltr'><strong>labores.</strong></span> 
     </span>
    </p>

    <p class='ocr_par' dir='ltr' id='par_1_20' title="bbox 394 2239 1571 2436">
     <span class='ocr_line' id='line_1_33' title="bbox 397 2239 1559 2293; baseline -0.003 -14"><span class='ocrx_word' id='word_1_200' title='bbox 397 2239 521 2289; x_wconf 85' lang='lat' dir='ltr'><strong>Quod</strong></span> <span class='ocrx_word' id='word_1_201' title='bbox 545 2242 824 2279; x_wconf 83' lang='lat' dir='ltr'><strong>lamentamur</strong></span> <span class='ocrx_word' id='word_1_202' title='bbox 851 2254 946 2289; x_wconf 86' lang='lat' dir='ltr'><strong>nos,</strong></span> <span class='ocrx_word' id='word_1_203' title='bbox 973 2239 1319 2293; x_wconf 89' lang='lat' dir='ltr'><strong>quandocumque</strong></span> <span class='ocrx_word' id='word_1_204' title='bbox 1344 2250 1559 2289; x_wconf 73' lang='lat' dir='ltr'><strong>gregantur</strong></span> 
     </span>
     <span class='ocr_line' id='line_1_34' title="bbox 394 2311 1571 2365; baseline -0.004 -12"><span class='ocrx_word' id='word_1_205' title='bbox 394 2313 458 2353; x_wconf 90' lang='lat' dir='ltr'><strong>Ad</strong></span> <span class='ocrx_word' id='word_1_206' title='bbox 491 2314 685 2365; x_wconf 80' lang='lat' dir='ltr'><strong>placitum</strong></span> <span class='ocrx_word' id='word_1_207' title='bbox 716 2315 781 2352; x_wconf 89' lang='lat' dir='ltr'><strong>vel</strong></span> <span class='ocrx_word' id='word_1_208' title='bbox 812 2311 861 2352; x_wconf 88' lang='lat' dir='ltr'><strong>ad</strong></span> <span class='ocrx_word' id='word_1_209' title='bbox 892 2311 1076 2350; x_wconf 86' lang='lat' dir='ltr'><strong>inducias</strong></span> <span class='ocrx_word' id='word_1_210' title='bbox 1109 2325 1355 2365; x_wconf 85' lang='lat' dir='ltr'><strong>quacunque</strong></span> <span class='ocrx_word' id='word_1_211' title='bbox 1387 2317 1571 2349; x_wconf 82' lang='lat' dir='ltr'><strong>statutas.</strong></span> 
     </span>
     <span class='ocr_line' id='line_1_35' title="bbox 396 2383 1423 2436; baseline -0.004 -11"><span class='ocrx_word' id='word_1_212' title='bbox 396 2387 515 2426; x_wconf 88' lang='lat' dir='ltr'><strong>Tunc</strong></span> <span class='ocrx_word' id='word_1_213' title='bbox 545 2386 587 2424; x_wconf 90' lang='lat' dir='ltr'><strong>in</strong></span> <span class='ocrx_word' id='word_1_214' title='bbox 620 2384 791 2425; x_wconf 86' lang='lat' dir='ltr'><strong>consilio</strong></span> <span class='ocrx_word' id='word_1_215' title='bbox 822 2383 956 2423; x_wconf 89' lang='lat' dir='ltr'><strong>dando</strong></span> <span class='ocrx_word' id='word_1_216' title='bbox 986 2399 1063 2436; x_wconf 87' lang='lat' dir='ltr'><strong>par</strong></span> <span class='ocrx_word' id='word_1_217' title='bbox 1094 2394 1154 2424; x_wconf 87' lang='lat' dir='ltr'><strong>est</strong></span> <span class='ocrx_word' id='word_1_218' title='bbox 1181 2383 1256 2422; x_wconf 87' lang='lat' dir='ltr'><strong>tibi</strong></span> <span class='ocrx_word' id='word_1_219' title='bbox 1288 2396 1423 2430; x_wconf 78' lang='lat' dir='ltr'><strong>nemo,</strong></span> 
     </span>
    </p>

    <p class='ocr_par' dir='ltr' id='par_1_21' title="bbox 398 2455 1447 2506">
     <span class='ocr_line' id='line_1_36' title="bbox 398 2455 1447 2506; baseline -0.005 -9"><span class='ocrx_word' id='word_1_220' title='bbox 398 2456 480 2506; x_wconf 85' lang='lat' dir='ltr'><strong>Qui</strong></span> <span class='ocrx_word' id='word_1_221' title='bbox 506 2458 571 2498; x_wconf 88' lang='lat' dir='ltr'><strong>vel</strong></span> <span class='ocrx_word' id='word_1_222' title='bbox 591 2465 672 2496; x_wconf 86' lang='lat' dir='ltr'><strong>tam</strong></span> <span class='ocrx_word' id='word_1_223' title='bbox 701 2461 804 2506; x_wconf 88' lang='lat' dir='ltr'><strong>juste</strong></span> <span class='ocrx_word' id='word_1_224' title='bbox 831 2458 895 2506; x_wconf 81' lang='lat' dir='ltr'><strong>jus</strong></span> <span class='ocrx_word' id='word_1_225' title='bbox 924 2455 1028 2495; x_wconf 85' lang='lat' dir='ltr'><strong>dicat</strong></span> <span class='ocrx_word' id='word_1_226' title='bbox 1056 2464 1137 2495; x_wconf 87' lang='lat' dir='ltr'><strong>tam</strong></span> <span class='ocrx_word' id='word_1_227' title='bbox 1169 2456 1233 2495; x_wconf 86' lang='lat' dir='ltr'><strong>vel</strong></span> <span class='ocrx_word' id='word_1_228' title='bbox 1263 2455 1447 2502; x_wconf 82' lang='lat' dir='ltr'><strong>honeste,</strong></span> 
     </span>
    </p>

    <p class='ocr_par' dir='ltr' id='par_1_22' title="bbox 394 2527 1375 2584">
     <span class='ocr_line' id='line_1_37' title="bbox 394 2527 1375 2584; baseline -0.006 -13"><span class='ocrx_word' id='word_1_229' title='bbox 394 2527 446 2571; x_wconf 79' lang='lat' dir='ltr'><strong>Et</strong></span> <span class='ocrx_word' id='word_1_230' title='bbox 477 2530 550 2584; x_wconf 89' lang='lat' dir='ltr'><strong>qui</strong></span> <span class='ocrx_word' id='word_1_231' title='bbox 580 2530 635 2568; x_wconf 87' lang='lat' dir='ltr'><strong>sic</strong></span> <span class='ocrx_word' id='word_1_232' title='bbox 664 2527 808 2570; x_wconf 87' lang='lat' dir='ltr'><strong>viduas</strong></span> <span class='ocrx_word' id='word_1_233' title='bbox 843 2527 1034 2568; x_wconf 84' lang='lat' dir='ltr'><strong>defendat</strong></span> <span class='ocrx_word' id='word_1_234' title='bbox 1066 2528 1151 2568; x_wconf 87' lang='lat' dir='ltr'><strong>sive</strong></span> <span class='ocrx_word' id='word_1_235' title='bbox 1182 2527 1375 2578; x_wconf 84' lang='lat' dir='ltr'><strong>pupillos,</strong></span> 
     </span>
    </p>

    <p class='ocr_par' dir='ltr' id='par_1_23' title="bbox 396 2598 1594 2725">
     <span class='ocr_line' id='line_1_38' title="bbox 396 2598 1496 2654; baseline -0.006 -13"><span class='ocrx_word' id='word_1_236' title='bbox 396 2604 573 2654; x_wconf 81' lang='lat' dir='ltr'><strong>Propter</strong></span> <span class='ocrx_word' id='word_1_237' title='bbox 602 2601 812 2641; x_wconf 84' lang='lat' dir='ltr'><strong>avaritiam</strong></span> <span class='ocrx_word' id='word_1_238' title='bbox 844 2614 934 2640; x_wconf 89' lang='lat' dir='ltr'><strong>cum</strong></span> <span class='ocrx_word' id='word_1_239' title='bbox 968 2599 1271 2639; x_wconf 85' lang='lat' dir='ltr'><strong>damnabantur</strong></span> <span class='ocrx_word' id='word_1_240' title='bbox 1298 2598 1496 2650; x_wconf 84' lang='lat' dir='ltr'><strong>iniquam,</strong></span> 
     </span>
     <span class='ocr_line' id='line_1_39' title="bbox 403 2668 1594 2725; baseline -0.006 -11"><span class='ocrx_word' id='word_1_241' title='bbox 403 2672 485 2722; x_wconf 86' lang='lat' dir='ltr'><strong>Qui</strong></span> <span class='ocrx_word' id='word_1_242' title='bbox 500 2675 778 2714; x_wconf 82' lang='lat' dir='ltr'><strong>lamentantur</strong></span> <span class='ocrx_word' id='word_1_243' title='bbox 796 2674 980 2723; x_wconf 83' lang='lat' dir='ltr'><strong>nimium,</strong></span> <span class='ocrx_word' id='word_1_244' title='bbox 1009 2672 1133 2724; x_wconf 85' lang='lat' dir='ltr'><strong>[cum]</strong></span> <span class='ocrx_word' id='word_1_245' title='bbox 1153 2668 1319 2725; x_wconf 83' lang='lat' dir='ltr'><strong>quando</strong></span> <span class='ocrx_word' id='word_1_246' title='bbox 1339 2675 1594 2723; x_wconf 84' lang='lat' dir='ltr'><strong>premuntur.</strong></span> 
     </span>
    </p>
   </div>
  </div>
 </body>
</html>
