1721 2938
266 99 347 141 156
580 97 787 140 nuon
807 96 981 139 LIEB
1040 96 1192 152 fragm.
1221 97 1297 140 111.

262 253 343 292 480
400 253 515 292 Neve
548 258 688 290 reatur
717 265 759 291 se
790 250 932 292 domui
961 249 1110 291 debere
1135 266 1335 304 praeesse,

399 323 443 363 Si
472 323 755 374 pernoctabit,
785 323 835 362 ad
867 337 1048 363 mensam
1075 324 1161 363 sive
1191 324 1361 364 sedebit.

398 396 551 435 Tecum
586 394 861 445 manducans,
887 410 1048 448 pernox
1078 403 1211 435 tecum
1244 410 1466 449 repausans

395 467 606 507 Continuo
641 467 809 507 domina
842 478 1082 508 cunctorum
1111 470 1199 508 vult
1228 458 1317 508 fore
1344 482 1516 509 summa.

396 540 512 579 Talia
542 541 746 579 famosum
778 541 935 580 faciunt
963 541 1296 591 ignominiosum.
1323 565 1377 570 —-

257 613 339 652 485
357 607 456 667 7)Si
486 613 585 652 libet
613 627 788 652 uxorem
818 613 1032 652 traducere
1054 615 1314 663 nobiliorem,

400 683 533 722 Causa
566 685 763 723 karorum
802 684 1132 735 generandorum
1162 687 1405 733 liberorum,

403 756 523 795 Tunc
553 757 869 807 cognoscibilem
901 759 1098 810 conquire
1130 758 1204 796 tibi
1233 759 1459 806 mulierem,

403 829 455 867 Et
485 842 687 882 nusquam
720 836 850 879 mater
883 829 957 867 tibi
986 829 1028 866 ni
1059 844 1141 882 quo
1175 830 1424 869 consilietur,

400 899 533 949 Quam
556 900 651 939 dum
674 901 911 953 quaesieris,
937 900 1053 940 docet
1071 902 1318 941 omnimodis
1346 912 1389 942 ut
1408 904 1601 951 honores,

258 975 341 1013 490
399 974 567 1013 Tractes
599 975 843 1023 clementer,
885 973 945 1012 illi
974 982 1108 1012 tamen
1142 983 1225 1014 esto
1254 975 1455 1026 magister,

399 1046 597 1097 Litigium
627 1054 717 1086 cnm
748 1055 786 1085 te
817 1061 869 1085 ne
900 1045 1012 1099 quod
1042 1056 1275 1098 praesumat
1305 1048 1481 1086 habere:

394 1119 504 1158 Nam
534 1119 679 1159 vitium
710 1120 872 1157 nullum
903 1122 1030 1168 majus
1062 1121 1170 1158 valet
1199 1133 1284 1158 esse
1314 1120 1511 1169 virorum,

397 1189 532 1239 Quam
560 1190 594 1229 si
623 1192 794 1240 subjecti
838 1192 917 1230 sint
957 1191 1073 1244 queis
1114 1190 1263 1229 debent
1291 1189 1507 1230 dominari.

396 1263 447 1302 Et
473 1264 565 1301 licet
595 1264 637 1301 in
667 1264 820 1302 cunctis
852 1265 956 1302 bene
989 1263 1211 1302 concordet
1241 1263 1313 1302 tibi
1341 1265 1478 1312 rebus,

255 1338 336 1376 495
396 1335 637 1387 Numquam
664 1336 768 1375 velle
799 1343 913 1373 tunm
945 1333 1068 1373 debes
1099 1335 1176 1373 sibi
1205 1333 1389 1386 pandere
1414 1343 1558 1385 totum,

393 1409 429 1447 A
463 1415 503 1446 te
534 1416 722 1459 correpta
752 1408 784 1446 si
816 1416 907 1459 post
939 1421 1015 1459 pro
1048 1421 1091 1446 re
1122 1409 1268 1447 vitiosa

393 1481 684 1532 Improperare
717 1480 838 1527 velit,
869 1490 912 1519 ut
942 1481 999 1517 nil
1029 1481 1104 1518 tibi
1135 1480 1268 1518 dicere
1297 1482 1437 1532 possit,

392 1551 514 1592 Unde
545 1550 683 1604 pudor
708 1552 770 1591 vel
801 1565 917 1590 amor
943 1552 1051 1590 inter
1071 1565 1142 1591 vos
1169 1551 1266 1604 quid
1294 1553 1516 1592 minuatur.
1542 1578 1599 1585 -

102 1626 250 1660 sol.17³.
319 1622 363 1678 8)
394 1625 519 1663 Nulla
550 1624 765 1676 repentina
788 1623 867 1661 ‘tibi
899 1632 980 1662 tam
1009 1625 1142 1674 gravis
1169 1624 1331 1675 ingruat
1361 1626 1435 1675 ira,

253 1702 335 1737 500
395 1695 505 1745 Quin
536 1704 780 1748 pernoctare
810 1694 1028 1734 vindictam
1059 1696 1299 1748 perpetiare,

392 1769 574 1809 Maxime
606 1783 697 1807 cum
732 1767 857 1806 dubia
886 1782 950 1807 res
983 1777 1064 1817 est,
1098 1783 1182 1807 nou
1214 1778 1258 1808 ut
1289 1769 1363 1808 tibi
1395 1769 1513 1820 dicta,

393 1843 553 1881 Forsan
585 1855 672 1880 cras
702 1840 875 1891 gaudes,
905 1840 1032 1878 animi
1062 1841 1172 1893 quod
1204 1842 1321 1880 frena
1346 1843 1526 1883 tenebas.
1545 1865 1598 1873 —-

323 1913 365 1968 9)
394 1914 621 1966 Nunquam
650 1927 742 1951 cum
774 1911 941 1951 domino
971 1912 1047 1951 tibi
1075 1913 1124 1950 lis
1155 1913 1207 1951 sit
1235 1912 1321 1952 sive
1351 1914 1570 1964 magistr03

390 1986 582 2037 Namque
612 1993 825 2036 potestate,
857 1984 891 2022 si
921 1998 1004 2022 non
1035 1987 1153 2033 juste,
1178 1994 1375 2037 superant
1394 1993 1447 2026 te.

251 2064 331 2099 505
390 2059 477 2097 Nec
509 2057 607 2111 quid
644 2058 700 2096 eis
731 2065 934 2108 praestes,
964 2058 1162 2096 veraciter
1191 2056 1233 2096 id
1268 2059 1365 2110 quia
1396 2058 1556 2110 perdes.

390 2130 495 2168 Cum
523 2136 640 2180 rogat
659 2138 701 2167 ut
724 2136 917 2180 praestes,
934 2137 994 2167 est
1011 2137 1108 2167 tunc
1129 2130 1287 2178 melius,
1307 2130 1386 2169 sibi
1403 2144 1485 2183 quo
1503 2131 1595 2182 des3

386 2200 571 2240 Inveniet
601 2200 760 2251 culpam
796 2200 892 2252 quia
921 2199 1162 2238 tantundem
1195 2201 1269 2239 tibi
1299 2215 1371 2251 per
1401 2215 1523 2253 quam

390 2261 545 2318 Tollat,
577 2278 798 2322 utrumque
823 2270 952 2321 perit,
983 2283 1057 2307 nec
1078 2278 1210 2319 grates
1225 2283 1299 2307 nec
1316 2271 1423 2308 bona
1439 2269 1594 2312 reddet.

390 2342 548 2391 Grates,
581 2341 705 2390 dicet,
735 2343 853 2389 habe,
884 2355 976 2379 cum
1004 2339 1298 2391 despoliaberis
1330 2357 1353 2380 a
1386 2355 1441 2390 se,

251 2420 333 2455 510
391 2416 511 2453 Tunc
537 2414 778 2462 inclinabis,
809 2412 1023 2452 dominum
1053 2412 1248 2462 laudans,
1280 2413 1392 2466 quod
1425 2415 1556 2456 abibis

388 2486 520 2526 Sanus
549 2500 643 2525 cum
673 2487 779 2533 vita,
818 2485 936 2524 nihili
973 2498 1149 2536 pensans
1179 2493 1246 2524 tua
1272 2484 1432 2525 damna.
1461 2507 1514 2516 —

290 2557 360 2613 10)
391 2559 441 2596 Et
459 2572 684 2611 numquam
708 2559 756 2597 sit
778 2557 853 2596 iter
872 2570 1083 2610 quoquam
1110 2557 1185 2595 tibi
1204 2566 1283 2596 tam
1307 2567 1590 2610 properanter,

389 2627 445 2669 Ut
476 2628 794 2680 praetermittas,
833 2628 958 2681 quin„
988 2626 1174 2667 ecclesias
1207 2629 1277 2667 ubi
1307 2641 1460 2677 cernas,
