1721 2938
254 119 309 160 44
677 115 1177 159 WALTHARIUS.

421 272 591 309 Loricas
622 272 788 319 quoque
823 282 915 306 cum
945 268 1068 318 galeis
1103 266 1335 306 detraxerat
1366 269 1470 307 ollis.
1562 316 1565 318 q

254 345 361 381 1195
422 339 612 387 Quatuor
641 338 706 375 his
733 339 918 377 oneravit
938 351 1088 390 equos,
1120 349 1397 390 sponsamque
1414 347 1600 379 vocatam

419 410 620 462 Imposuit
653 409 824 461 quinto,
861 419 1020 448 sextum
1052 410 1345 450 conscenderat
1374 411 1480 462 ipse,

422 483 470 520 Et
501 482 658 533 primus
689 482 797 521 vallo
827 491 1067 533 perrexerat
1098 484 1185 534 ipse
1216 483 1394 523 revulso.

415 556 491 603 At,
537 553 632 591 dum
667 555 872 593 constricti
906 563 1147 606 penetratur
1180 555 1321 594 semita
1353 554 1483 600 callis,

419 624 754 677 Circumquaque
787 626 914 664 oculis
946 628 1166 677 explorans
1198 626 1335 664 omnia
1365 625 1501 677 puris,

251 702 357 736 1200
416 697 598 735 Auribus
632 698 799 736 arrectis
829 705 973 736 ventos
1005 699 1181 748 captavit
1213 705 1250 735 et
1282 709 1422 744 auraS,

417 769 460 808 Si
491 771 556 808 vel
585 778 812 808 mussantes
844 771 1012 808 sentiret
1043 771 1107 808 vel
1138 769 1389 820 gradienteS,

415 841 510 881 Sive
544 844 819 892 superborum
854 842 1094 892 crepitantia
1126 842 1241 880 frena
1272 842 1479 890 virorum,

413 912 493 951 Seu
529 914 669 951 saltem
702 914 853 951 ferrata
883 926 1031 952 sonum
1061 912 1175 951 daret
1203 915 1355 963 ungula
1378 925 1595 964 equorum.

365 970 607 1040 Postquam
639 996 783 1026 cuncta
812 987 931 1025 silere
963 986 1092 1035 videt,
1116 988 1339 1038 praevertit
1368 995 1538 1026 onustos

248 1065 355 1099 1205
417 1059 740 1111 Quadrupedes,
771 1063 981 1100 mulierem
1019 1062 1138 1101 etiam
1170 1061 1413 1113 praecedere
1442 1062 1570 1110 jussit.

412 1132 571 1171 Scrinia
602 1140 825 1182 gestantem
860 1133 1159 1184 comprendens
1188 1134 1276 1184 ipse
1307 1134 1528 1182 cavallum,

410 1202 544 1241 Audet
573 1203 677 1240 inire
703 1204 812 1241 viam
845 1212 1040 1242 consueto
1073 1204 1227 1244 cinctus
1259 1205 1420 1243 amictu.

409 1275 524 1312 Mille
558 1276 643 1312 sere
676 1288 818 1326 passus
851 1275 1122 1323 transcendit,
1164 1283 1201 1313 et
1232 1289 1320 1313 ecce
1351 1275 1508 1325 puella,

409 1344 541 1383 Sexus
575 1346 683 1382 enim
717 1346 869 1396 fragilis
899 1348 1035 1385 animo
1067 1346 1269 1398 trepidare
1301 1347 1451 1396 co'e'git,

241 1419 350 1454 1210
409 1415 648 1466 Respiciens
674 1425 767 1468 post
803 1427 913 1468 terga
943 1418 1053 1457 videt
1084 1417 1328 1457 descendere
1362 1419 1479 1457 binos

406 1486 596 1534 Quodam
628 1490 729 1527 colle
760 1490 870 1528 viros
900 1492 1046 1540 raptim
1080 1499 1119 1529 et
1149 1492 1235 1528 sine
1253 1504 1367 1530 more
1385 1498 1590 1542 meantes3

403 1558 716 1612 Exscmguisque
745 1561 877 1600 virum
913 1563 1128 1613 compellat
1162 1577 1261 1602 voce
1291 1571 1530 1615 sequentem

402 1631 679 1680 ‘Dilatusjani
696 1632 786 1671 finis
804 1633 930 1673 adest.
962 1636 1068 1685 suge,
1091 1633 1256 1683 domne,
1274 1632 1588 1688 propinquantl’

404 1700 614 1748 Qui'mox
645 1711 866 1744 conversus
896 1707 1004 1746 visos
1038 1707 1229 1757 cognovit
1262 1715 1300 1746 et
1330 1708 1466 1759 inquit

237 1777 342 1812 1215
402 1775 633 1813 ‘Incassum
664 1777 814 1815 multos
846 1791 937 1817 mea
968 1778 1137 1817 dextera
1167 1778 1331 1817 suderat
1362 1780 1519 1825 hostes,

400 1843 445 1881 Si
480 1844 603 1885 modo
635 1849 838 1898 supremis
868 1851 958 1888 laus
990 1849 1115 1900 desit,
1156 1849 1330 1890 dedecus
1362 1853 1468 1890 assit.

400 1913 471 1952 Est
493 1916 618 1954 satius
631 1945 641 1964 ,
670 1920 883 1968 pulchram
902 1934 976 1971 per
994 1922 1164 1960 vulnera
1181 1935 1379 1973 quaerere
1398 1930 1582 1970 mortem,

400 1985 532 2032 Quam
565 1989 698 2026 solum
730 1992 886 2029 amissis
917 1992 1094 2043 palando
1130 1992 1301 2030 evadere
1333 1994 1470 2031 rebus.

397 2059 554 2097 Verum
587 2074 670 2100 non
699 2061 801 2101 adeo
833 2072 928 2102 sunt
960 2063 1215 2122 desperanda
1247 2065 1387 2103 salutis

231 2130 340 2166 1220
399 2129 627 2169 Commoda
657 2135 840 2172 cernenti
869 2135 1076 2187 quondam
1108 2140 1263 2184 majora
1291 2135 1459 2185 pericla.

393 2200 553 2240 Aurum
583 2205 775 2253 gestantis
804 2213 891 2244 tute
921 2207 1055 2257 accipe
1084 2208 1173 2244 lora
1203 2207 1358 2255 leonis,

325 2332 413 2362 1194
440 2342 523 2372 quas
549 2342 624 2365 cum
645 2333 683 2367 C.
746 2336 830 2366 1201
863 2339 1050 2368 mussantes
1074 2337 1200 2378 pariter
1222 2337 1262 2369 Ι).
1289 2361 1295 2366 ,
1326 2339 1412 2369 1204
1438 2341 1578 2369 onustas

226 2391 266 2422 A.
292 2389 331 2422 E.
407 2394 498 2424 1206
530 2393 819 2435 comprehendens
846 2395 884 2428 C.
963 2398 1052 2427 1207
1088 2397 1211 2429 amicto
1238 2397 1277 2429 C.
1356 2399 1446 2429 1209
1472 2408 1575 2430 sexus

225 2448 308 2482 haec
334 2451 375 2483 C.
452 2455 542 2485 1210
577 2458 672 2494 terga
698 2454 786 2486 viros
814 2456 854 2487 D.
933 2459 1017 2488 1211
1058 2458 1145 2489 colle
1170 2458 1262 2490 videt
1288 2458 1327 2490 D.
1402 2461 1494 2490 1212
1518 2469 1574 2492 se-

225 2516 350 2552 quente
377 2513 415 2546 A.
438 2513 476 2548 C.
538 2516 628 2547 1216
655 2515 682 2547 si
709 2526 796 2548 nunc
823 2517 855 2548 in
883 2517 948 2549 fine
972 2518 1014 2550 D.
1049 2517 1137 2549 adsit
1160 2517 1186 2551 I.
1247 2521 1339 2550 1218
1365 2518 1507 2551 balando
1532 2519 1571 2552 D.

227 2573 316 2603 1219
353 2583 469 2607 verum
504 2576 591 2609 enim
624 2575 728 2609 adero
759 2576 822 2609 sibi
857 2576 951 2620 desp.
987 2578 1026 2611 D.
1102 2581 1192 2612 1220
1220 2580 1339 2622 pericli
1365 2579 1407 2614 E.
1482 2582 1566 2612 1221

224 2631 346 2673 accipit
373 2633 397 2665 Ι.
