1721 2938
212 107 294 148 168

215 401 293 437 125

68 1064 206 1098 1·01.23a.
224 1054 242 1089 1

217 1705 268 1740 10

216 2142 264 2177 15

212 2505 265 2538 20

494 101 895 146 RUODLIEB
957 103 1106 156 fragm.
1136 103 1183 144 V.
1210 103 1277 144 VI.

352 256 483 306 Saepe
507 260 647 293 monet
669 250 889 304 dominam,
904 268 987 307 quo
1009 255 1233 307 praecipiat
1254 255 1349 296 dare
1363 271 1556 308 coenam3

351 325 467 374 Quae
492 325 787 366 subsannando
813 340 982 367 coenam
1015 326 1153 367 differt
1181 329 1413 378 joculando.

353 397 391 436 Is
421 396 592 448 rogitat,
622 397 787 446 ‘coena,’
818 411 981 449 pueros,
1009 400 1180 439 ‘essetne
1211 398 1406 452 parata?’

893 471 904 490 ’
945 468 1108 521 dicunt,
1151 473 1339 511 ‘coenare
1362 474 1530 513 valetis!

355 467 503 517 ‘Quam
533 469 612 510 cito
641 483 716 510 vos
746 471 890 521 vultis,

365 541 500 581 ‘Nunc
531 544 631 582 hera
661 557 894 594 coenemus,
925 543 1349 599 requiescendnmque
1380 560 1559 586 meemus

360 616 507 655 Pauset
537 623 576 654 et
606 623 665 655 est
699 624 861 668 tempus
891 624 935 656 ut
964 626 1098 658 vester
1124 617 1251 656 karus
1280 619 1446 668 amicus,

365 686 515 743 Satque
550 688 744 740 fatigastis
774 690 906 741 hunc,
934 704 1044 730 nunc
1071 702 1246 743 pausare
1276 690 1441 730 sinatis.'

852 937 920 981 VI.

335 1031 479 1088 Venit
491 1047 525 1087 is
535 1045 576 1102 *)
593 1055 715 1101 atque
727 1046 847 1088 fidem
862 1045 1011 1101 sibi**)
1024 1048 1110 1088 vult
1122 1046 1356 1100 praedicere
1368 1057 1561 1097 sanctam,

323 1122 421 1162 Non
444 1123 553 1161 valet
584 1122 641 1170 is,
672 1119 822 1160 ‘credo'
851 1120 1135 1172 gemebundus
1166 1120 1245 1171 ait3
1275 1121 1355 1159 nisi
1385 1122 1532 1161 crebro

323 1194 560 1243 Poeniteat,
591 1194 657 1234 vel
690 1207 783 1232 eum
813 1195 984 1244 rogitat,
1018 1194 1125 1232 mala
1157 1206 1261 1245 quae
1293 1191 1503 1232 faciebat?

326 1267 508 1306 Nutibus
548 1273 587 1305 et
618 1267 756 1307 verbis
787 1280 828 1304 se
859 1266 1109 1318 poenituisse
1141 1263 1328 1304 docebat.

323 1340 405 1378 Per
437 1336 596 1376 domini
627 1351 775 1390 corpus
805 1338 846 1377 fit
879 1340 928 1377 ab
964 1337 1077 1377 omni
1113 1337 1282 1376 crimine
1313 1336 1505 1378 mundus.

322 1411 531 1451 Exhalans
562 1411 741 1449 animam
769 1408 937 1449 domino
970 1410 1228 1450 commiserat
1257 1410 1368 1449 illam

327 1484 504 1523 Dicens:
537 1482 711 1522 ‘Christe
741 1483 808 1534 pie
839 1482 941 1521 mihi
967 1482 1085 1522 valde
1115 1496 1187 1521 reo
1220 1483 1426 1531 miserere,

327 1557 403 1597 His
435 1564 474 1595 et
504 1554 686 1604 dimitte,
725 1553 826 1593 mihi
869 1554 1009 1596 vivere
1042 1555 1115 1608 qui
1146 1569 1341 1606 rapuere,

326 1628 591 1680 Inspiresque
621 1625 745 1674 meis,
775 1633 819 1664 ut
846 1626 952 1665 idem
982 1626 1156 1676 faciant,
1185 1641 1313 1678 rogo,
1346 1626 1477 1666 natis?

327 1698 394 1739 Sic
425 1697 563 1739 dicens
592 1698 726 1746 siluit,
759 1696 838 1736 cito
869 1705 961 1750 post
991 1697 1091 1737 haec
1123 1698 1262 1738 vivere
1293 1699 1449 1738 clausit.

330 1833 589 1888 Aurorante
626 1845 691 1886 die
722 1845 903 1898 populus
944 1845 1138 1885 convenit
1169 1846 1337 1900 ubique,

325 1923 431 1962 Ante
458 1922 502 1961 fit
532 1921 741 1963 ecclesiam
772 1920 925 1959 multus
955 1927 1181 1959 conventus
1211 1929 1250 1960 et
1279 1922 1409 1975 ipsam

331 1995 381 2034 Et
410 1995 642 2035 vicinorum
675 1996 876 2042 majorum
906 1991 991 2032 sive
1021 1991 1244 2032 minorum.

330 2066 482 2106 Rector
512 2081 562 2107 eo
591 2066 722 2115 venit,
764 2066 894 2105 scelus
925 2073 969 2104 nt
1000 2064 1233 2104 miserabile
1263 2066 1399 2118 rescit.

323 2138 460 2190 thue
489 2137 733 2177 resederunt
761 2137 819 2176 ibi
849 2150 953 2189 quos
981 2135 1162 2176 residere
1196 2136 1377 2185 decebat,

322 2210 447 2258 ‘Hic‚'
478 2209 556 2258 ait,
585 2210 657 2248 ‘est
672 2209 693 2257 ‚'
722 2217 884 2257 rector,
914 2208 1169 2247 ‘miserabilis
1200 2208 1342 2260 utique
1373 2221 1530 2256 rumor,

325 2278 447 2328 Quod
478 2280 528 2319 sit
555 2292 773 2332 percussus
804 2293 888 2332 quo
919 2293 1003 2318 non
1036 2279 1182 2318 melior
1212 2279 1289 2317 fuit
1320 2278 1454 2318 ullus.’

324 2353 489 2392 Flentes
519 2351 707 2392 dicebant
733 2365 900 2399 omnes,
929 2351 987 2390 ibi
1017 2351 1090 2404 qni
1120 2350 1376 2390 residebant:

323 2425 589 2474 ‘Ulciscatur‚
620 2425 663 2462 ni
691 2424 888 2462 rescimus
920 2438 995 2476 par
1023 2423 1187 2463 iterari-³

325 2498 438 2537 Misit
469 2506 562 2550 post
590 2497 765 2545 liberos,
794 2503 884 2549 post
914 2495 1135 2538 mordritas
1167 2495 1288 2534 simul
1318 2495 1443 2547 ipsos,

270 2657 310 2695 r)
339 2657 399 2689 der
424 2657 578 2700 priester.
883 2653 948 2697 Μ)
973 2654 1049 2688 dem
1074 2651 1276 2687 sterbenden
1302 2651 1404 2692 alten.
