1721 2938
229 131 312 173 260
736 124 771 165 F]
790 123 826 164 C
844 122 876 163 B
894 122 924 163 A
942 122 972 164 S
993 124 1005 162 Ι
1027 123 1068 163 S.

862 278 943 315 leo.

233 357 311 391 505
374 349 455 389 ‘Nil
479 348 579 387 mihi
612 357 690 388 tam
723 348 889 398 bellum,
918 362 1071 395 carum,
1104 361 1226 400 quam
1257 346 1392 387 vivere
1412 347 1582 387 sanum.'

378 421 590 463 Flentibus
621 421 686 459 hic
719 422 857 471 paucis
889 419 1058 460 discedit
1088 427 1266 460 moestus
1301 419 1454 459 amicis.
1542 466 1558 475 „

369 494 550 532 Jusserat
583 500 624 530 ut
658 493 822 542 vulpes,
856 499 1008 530 certant
1039 504 1287 542 componere
1317 491 1455 538 linces,

375 565 477 603 Cum
512 564 663 616 quibus
692 571 750 602 est
786 575 931 610 ursuS‚
971 563 1108 602 nativo
1136 576 1347 600 murmure
1380 569 1528 609 motus,

369 636 477 676 Nam
511 643 632 687 caput
664 643 786 687 atque
816 634 942 687 pedes
975 636 1017 672 hi
1058 637 1213 674 salvant
1243 635 1516 683 excoriantes,

232 716 313 752 510
372 711 436 750 Ab
470 707 652 747 humeris
701 721 863 746 sursum
906 706 1118 745 denudant
1161 719 1290 759 usque
1324 705 1530 756 deorsum,

371 782 582 832 Unguitur
620 780 838 828 infirmus,
871 779 1147 830 praecingitur
1179 793 1223 818 ae
1255 781 1494 819 refovetur(

373 855 476 894 Cum
511 850 707 892 resideret
739 851 878 899 humi,
925 851 1042 899 jussit
1073 852 1149 890 sibi
1183 853 1331 904 pocula
1362 853 1472 901 ferri,

375 927 432 967 Ut
462 923 666 965 modicum
698 924 886 971 biberat,
917 923 1128 962 confestim
1164 924 1258 962 talia
1291 932 1452 962 narrat:

828 997 986 1048 vulpes.

377 1070 484 1108 ‘Heu
514 1068 701 1108 malefida
734 1068 896 1116 cohors,
931 1068 1035 1107 male
1065 1076 1175 1107 sarto
1205 1066 1371 1108 foedere
1403 1081 1587 1116 concors,

233 1147 313 1183 515
375 1140 508 1190 Quam
542 1150 696 1181 temere
724 1140 766 1178 in
796 1149 957 1180 vosmet
984 1142 1113 1192 legem
1151 1140 1315 1181 sancitis
1346 1140 1528 1194 iniquam

376 1213 419 1254 Si
451 1216 640 1255 volumus
671 1213 803 1264 genti,
835 1214 868 1252 si
909 1214 1028 1253 nobis
1059 1214 1197 1253 vivere
1228 1214 1325 1261 cari,

377 1288 490 1325 Dum
522 1287 638 1334 licet,
680 1300 725 1324 ac
757 1286 916 1324 vultum
948 1294 1080 1325 servat
1113 1286 1278 1324 fortuna
1308 1286 1545 1338 benignum,

374 1358 497 1409 Legis
528 1357 738 1397 decretum
775 1371 985 1398 servemus
1029 1372 1143 1397 more
1176 1365 1407 1410 parentum,

373 1429 536 1480 Indigni
568 1443 820 1483 quocunque
855 1444 996 1470 sumus
1028 1430 1283 1483 disrumpere
1316 1430 1474 1481 foedus,

234 1508 316 1544 520
375 1503 488 1542 Haec
518 1515 584 1542 res
617 1511 834 1542 conservat
867 1506 1028 1551 junctos
1059 1512 1097 1542 et
1125 1503 1256 1554 jungit
1288 1504 1452 1544 amicos.

371 1576 425 1615 At
454 1588 527 1614 vos
559 1575 731 1614 virtutes
763 1574 869 1626 ipsas
900 1575 1101 1615 invertitis
1127 1589 1282 1625 omnes,

372 1647 468 1688 Non
506 1647 605 1687 mihi
634 1642 851 1697 jti'dicium,
883 1647 952 1687 sed
983 1648 1101 1688 vobis
1137 1648 1288 1700 ponitis
1320 1649 1479 1701 ipsum,

371 1719 555 1759 Dedecet
581 1721 692 1760 hunc
720 1734 855 1772 regem
891 1722 1092 1760 rationem
1128 1721 1307 1759 scribere
1340 1722 1474 1769 talem,

370 1795 531 1833 Absens
566 1792 798 1843 damnetur,
828 1794 907 1833 nisi
940 1795 1097 1845 legibus
1126 1801 1220 1832 ante
1253 1801 1435 1842 vocetur,

235 1868 315 1903 525
377 1862 421 1903 Si
451 1864 640 1916 sequitur
669 1865 795 1914 legem
813 1895 823 1914 ,
858 1865 1108 1904 mercabitur
1141 1863 1322 1916 undique
1351 1864 1530 1911 laudem,

378 1935 423 1974 Si
452 1935 603 1986 reiugit
633 1935 827 1987 placitum
854 1938 979 1975 semel
1010 1951 1055 1975 ac
1086 1937 1147 1976 bis
1180 1945 1324 1990 terque
1357 1939 1543 1990 petitum,

371 2007 458 2047 Nec
490 2007 639 2060 premit
666 2009 777 2047 hunc
808 2010 978 2048 morbus
1007 2009 1221 2062 tardatque
1251 2009 1426 2050 vicarius
1450 2011 1587 2060 hujus,

376 2079 455 2117 Hic
485 2080 596 2118 subit
627 2087 665 2118 et
694 2081 847 2131 perfert
879 2080 990 2133 quod
1023 2082 1197 2134 quisque
1229 2083 1402 2130 viriliter
1430 2084 1586 2133 horret,

372 2150 459 2189 Nec
489 2151 539 2190 sit
567 2150 792 2202 lugendus,
837 2153 870 2192 si
902 2152 1062 2206 deperit
1092 2154 1132 2192 in
1171 2168 1289 2193 cruce
1320 2163 1473 2196 tensus.

231 2227 314 2263 530
371 2223 530 2262 Verum
558 2224 617 2261 nil
647 2224 809 2263 sceleris
840 2225 961 2263 faciat
1005 2226 1072 2277 pia
1102 2225 1269 2264 dextera
1299 2228 1418 2277 regis,

372 2294 570 2334 Sensibus
601 2295 813 2339 intendat,
844 2297 942 2347 legis
975 2307 1192 2348 praecepta
1226 2299 1422 2346 revolvat,

373 2366 518 2406 Mitius
549 2365 692 2405 acclini
723 2365 892 2415 timido,
925 2381 1046 2418 quam
1079 2367 1201 2406 corde
1231 2369 1420 2417 tumenti,

371 2439 538 2477 Nullius
571 2452 641 2477 ore
672 2438 749 2476 viri
784 2443 892 2477 sensi
923 2453 997 2478 uec
1028 2438 1182 2478 discere
1215 2441 1343 2491 quivi.

366 2511 545 2550 Tardius
580 2509 750 2559 adveni,
782 2511 906 2560 magis
937 2511 1023 2550 istis
1055 2512 1248 2550 omnibus
1285 2514 1359 2562 egi,

230 2589 309 2623 535
372 2582 556 2623 Obsecro
587 2585 810 2623 clementer
839 2583 1024 2622 mihimet
1064 2585 1275 2623 mitescere
1304 2598 1466 2636 regem:

369 2654 413 2695 Si
455 2657 559 2695 male
600 2654 700 2708 quid
732 2653 844 2705 dixi,
874 2657 1069 2708 reprobet
1098 2670 1199 2708 grex
1237 2657 1351 2697 istius
1385 2658 1505 2705 antri,
