1721 2938
418 133 568 176 RUO
588 131 820 175 DLIEB
883 131 1033 185 fragm.
1059 129 1138 171 ΠΙ.
1375 129 1455 172 147

251 290 514 330 Praesulibus
538 279 625 329 siut
655 291 765 338 haec,
796 290 1031 341 horumque
1048 286 1237 328 fidelibus
1265 287 1401 329 istaec.

250 364 353 403 Auri
390 372 449 403 [cr
479 362 604 403 denas
640 363 712 400 uui
742 362 894 413 placuit
925 359 1022 398 dare
1049 361 1176 400 libras

254 438 386 490 Inque
415 436 647 486 capellanos
689 433 987 485 ‹pliuqungiuta
1021 431 1260 472 tribuendas

255 508 425 559 Argenti
454 508 602 553 libras,
633 504 888 556 totidemque
920 518 995 555 per
1033 503 1242 553 officiales,

119 584 196 618 180
255 579 366 618 Inter
397 578 612 617 scutiferos
644 577 826 628 vilesque
858 574 1142 613 ministeriales

217 648 223 651 ⁴
253 650 411 701 Viginti
439 650 565 689 libras
596 661 859 688 nummorum
895 643 1216 686 distribuendas,

254 721 341 761 Nec
371 720 647 773 superexaltat
676 721 802 766 lixas,
838 718 937 771 qum
969 719 1045 757 hos
1073 729 1241 770 quoque
1272 715 1410 764 donet,

258 795 372 832 Inter
399 807 468 833 eos
501 791 626 831 denas
658 790 946 844 dispergendas
977 804 1144 844 quoque
1175 791 1301 829 libras

260 866 341 905 Det
373 865 661 906 duodenorum
700 862 936 904 tantundem
969 863 1098 903 cuivis
1131 875 1290 901 eorum.

123 943 200 978 185
260 940 355 978 Post
390 937 561 978 ducibus
591 938 744 989 galeaS,
776 937 924 976 loricas
956 936 1081 976 donet
1122 943 1161 974 et
1193 949 1325 984 enses,

267 1013 440 1049 Auratas
474 1022 660 1061 parmas,
690 1009 813 1047 lituos
844 1007 892 1046 ad
925 1007 1029 1046 bella
1058 1019 1247 1054 canoros,

263 1083 394 1135 Inque
426 1095 520 1121 suos
549 1081 675 1121 libras
706 1082 918 1132 sexaginta
948 1077 1207 1118 tribuendas.

260 1154 311 1193 Et
340 1162 434 1205 post
460 1151 719 1205 praesidibus
751 1152 817 1192 det
851 1164 981 1204 equos
1018 1150 1155 1190 faleris
1199 1147 1428 1200 redimitos,

265 1227 398 1279 Atque
427 1225 511 1264 suis
542 1223 666 1263 denas
697 1224 852 1263 cunctis
881 1225 1009 1262 libras
1042 1221 1298 1262 tribuendas.

128 1304 207 1339 190
267 1300 482 1338 Postremo
512 1296 668 1335 eunctis
699 1297 917 1335 abbatibus
948 1297 1010 1334 his
1048 1293 1252 1334 duodenis

268 1369 309 1409 S.
342 1398 351 1407 .
383 1369 451 1409 det
481 1382 694 1408 moramen
729 1366 974 1420 spondendo
1002 1381 1122 1406 suum
1153 1368 1415 1419 famulamen,

265 1443 435 1482 Illorum
469 1441 597 1482 cuivis
627 1441 904 1480 confratribus
947 1440 1105 1492 hosque
1135 1439 1295 1490 secutis,

265 1514 414 1553 Libras
446 1513 634 1565 triginta,
664 1526 888 1565 puerorum
921 1511 1048 1552 cuivis
1087 1519 1124 1550 et
1155 1526 1293 1551 unam.

263 1585 402 1625 Mutat
435 1593 473 1624 et
499 1584 547 1624 ad
585 1585 762 1622 claustra
792 1583 1004 1623 monachis
1034 1583 1162 1623 libras
1191 1583 1430 1637 decapenta.

129 1663 207 1700 195
266 1657 386 1709 Regis
416 1656 608 1695 simnistis
639 1656 811 1709 aliisque
841 1655 1030 1694 fidelibus
1056 1659 1154 1705 ejus,
1476 1667 1626 1703 f01.12³.

263 1731 360 1780 Ejus
388 1729 554 1769 servitio
587 1729 658 1780 qui
690 1736 784 1766 suut
812 1726 853 1765 in
887 1726 1123 1775 cottidiano,

266 1801 348 1850 Qui
380 1801 507 1841 veluti
537 1799 704 1852 glandes
734 1812 894 1852 semper
929 1799 1028 1838 flant
1057 1799 1164 1850 regis
1194 1797 1242 1837 ad
1284 1813 1416 1848 aures,

268 1875 318 1914 Et
349 1887 426 1926 pro
461 1871 660 1913 mercedis
691 1879 938 1913 succurrunt
966 1869 1151 1923 pondere
1184 1871 1325 1920 cuivis,

271 1947 390 1985 Bona
422 1944 490 1985 dat
520 1945 670 1985 eximia
700 1958 845 1984 census
875 1942 926 1983 ad
956 1944 1066 1982 mille
1097 1944 1262 1982 talenta.

128 2023 210 2057 200
270 2018 383 2056 Inter
411 2030 515 2069 quos
546 2017 661 2054 illum
694 2025 931 2056 venatorem
963 2014 1230 2065 peregrinum

269 2089 463 2127 Munerat
493 2089 685 2137 uberius,
719 2087 774 2127 sic
804 2088 1000 2137 collegam
1030 2085 1126 2124 facit
1154 2087 1255 2134 ejus,

264 2160 383 2200 Missi
413 2159 485 2213 qui
517 2161 678 2200 fueraut
710 2158 760 2199 ad
791 2173 832 2198 se
863 2171 1089 2211 pacemque
1120 2158 1354 2209 patrabant.

268 2233 470 2281 Munera,
501 2231 596 2271 dum
629 2231 729 2272 vidit
766 2245 814 2271 ea
843 2245 919 2270 rex
956 2231 1214 2283 multumque
1244 2228 1451 2282 probavit,

268 2304 387 2343 Dixit
400 2304 450 2344 ad
466 2305 736 2358 aequivocum
751 2319 760 2344 :
774 2305 856 2343 ‘tua
870 2316 1042 2342 munera
1053 2303 1268 2341 suntbona
1281 2303 1450 2340 multum
1468 2315 1478 2350 3

133 2377 212 2412 205
270 2375 333 2414 Ne
363 2384 499 2415 tamen
531 2391 553 2416 a
583 2376 703 2416 nobis
741 2384 902 2430 tantum
932 2373 1125 2414 donando
1155 2372 1350 2423 graveris,

274 2447 353 2485 Pro
385 2446 503 2487 donis
533 2457 675 2489 votum
707 2447 966 2488 decernimus
1006 2443 1301 2497 accipiendum.

276 2517 380 2555 Tam
408 2519 514 2557 bene
541 2519 730 2564 ludentes
761 2533 880 2560 ursos
922 2520 999 2558 hos
1027 2519 1127 2557 tollo
1157 2516 1365 2567 gemellos,

273 2589 412 2642 Atque
441 2604 555 2629 meae
586 2600 706 2630 natae
732 2592 864 2643 picam
896 2590 1168 2642 sturnux'nque
1194 2586 1247 2626 do
1292 2585 1341 2626 de
1372 2595 1422 2634 te,

274 2661 325 2700 Et
357 2671 490 2712 grates
521 2664 675 2703 habeas
703 2671 860 2714 tantaS,
891 2675 966 2703 ceu
997 2667 1142 2701 cuncta
1178 2658 1372 2700 dedisses.

462 2738 467 2745 ‘
1065 2731 1149 2772 10'
