1721 2938
231 135 317 178 250
731 133 1077 179 ECBASIS.

230 291 314 326 210
373 285 490 326 Mille
520 284 828 337 triumphorum
860 299 1094 325 memorans
1139 299 1189 325 ex
1220 284 1364 325 ordine
1393 301 1578 340 pompas,

370 357 589 409 Ductaque
621 370 694 408 per
721 355 894 395 mediam
926 357 1153 409 spoliorum
1186 357 1340 396 fercula
1368 356 1538 397 Romam

374 427 580 468 Omnibus
617 442 669 467 ex
710 429 850 477 terris,
898 442 1000 480 quas
1033 427 1217 481 undique
1246 428 1426 467 continet
1455 430 1582 469 orbis.

372 499 558 552 Occupat
587 500 674 552 ipse
707 500 884 548 aditum,
918 515 967 539 ne
1000 501 1060 539 fas
1092 501 1141 539 sit
1170 500 1318 540 vadere
1347 509 1523 552 captum,

368 573 426 612 Ut
457 573 567 612 canis
598 587 618 610 a
652 572 764 611 corio
809 586 1021 625 nunquam
1055 574 1354 612 absterrebitur
1388 583 1524 615 uncto.

233 649 317 686 215
374 646 483 686 Nam
523 645 696 685 vitulum
729 645 837 683 luter
867 645 1020 693 reficit,
1051 659 1143 683 cum
1175 647 1296 684 belua
1329 648 1471 695 stertit,

382 717 532 756 Dulcia
569 714 773 768 depromit
804 730 931 769 super
960 719 1059 755 haec
1091 718 1322 756 hortamina
1356 717 1480 757 fudit:

318 776 497 833 ‘Pellito
530 807 639 831 nunc
672 793 792 841 vino,
824 805 934 830 nunc
968 805 1105 833 curam
1138 792 1287 831 solvito
1319 805 1478 841 somno,

380 867 605 919 Fortiaque
638 865 818 905 adversis
844 866 1043 917 opponite
1074 873 1241 917 pectora
1265 867 1411 905 rebus:

379 939 505 978 Grata
536 938 821 989 superveniet,
853 951 957 989 quae
987 951 1069 976 non
1104 937 1358 988 sperabitur,
1398 938 1529 979 hora.’

378 1012 440 1051 Ad
472 1024 652 1050 mensam
683 1009 802 1049 vituli
830 1009 980 1060 legitur
1015 1011 1222 1062 reparatio
1264 1011 1379 1063 lapsi,

235 1017 259 1051 to

267 1018 288 1051 to

294 1018 318 1050 0

377 1085 481 1124 Cum
515 1085 589 1122 suit
620 1083 808 1134 expleta,
853 1082 1014 1121 collatio
1045 1081 1195 1120 dicitur
1235 1083 1336 1122 ista:

377 1156 593 1196 ‘Conditor
623 1155 711 1206 ipse
751 1155 858 1206 poli,
892 1154 1074 1206 prudens
1107 1153 1329 1193 fabricator
1363 1162 1402 1193 et
1431 1157 1531 1205 arvi,

373 1226 457 1275 Qui
488 1234 664 1265 moestos
694 1226 880 1273 refoves,
909 1225 1055 1264 vinctis
1087 1212 1285 1263 solamina
1314 1227 1500 1276 praebes,

372 1301 420 1339 In
452 1307 491 1338 te
524 1297 708 1345 confido,
742 1299 878 1335 clauso
910 1311 973 1335 me
1014 1297 1126 1336 solve
1158 1297 1337 1344 baratro,

234 1379 318 1414 225
377 1372 435 1412 Ut
465 1380 503 1411 te
535 1368 789 1418 collaudem,
833 1367 994 1407 videam
1030 1369 1320 1420 geminumque
1353 1365 1590 1419 parentem.’

376 1445 489 1483 Haec
518 1444 735 1482 lacrimans
766 1441 922 1494 poscit,
953 1441 1051 1493 quin
1086 1440 1352 1492 completoria
1386 1438 1503 1479 dixit.

321 1504 440 1559 Post
471 1528 633 1558 noctem
665 1517 867 1566 mediam,
898 1515 1067 1569 quando
1100 1525 1196 1555 sunt
1230 1516 1389 1555 somnia
1421 1529 1528 1563 vera,

378 1594 608 1647 Speluncae
640 1592 831 1632 dominus
858 1591 908 1630 de
940 1592 1035 1631 visis
1069 1592 1378 1643 obstupefactus

382 1667 506 1716 Quod
551 1673 676 1706 strato
718 1664 840 1714 vidit,
870 1677 1065 1703 enarrans
1096 1665 1312 1713 fratribus,
1342 1663 1502 1717 inquit:

234 1747 318 1783 230
378 1741 526 1780 ‘Dicite
564 1737 765 1787 consocii,
800 1751 883 1790 quo
912 1735 1053 1775 tendat
1079 1737 1183 1775 visio
1215 1734 1379 1776 somni?

376 1813 534 1852 Bruchi
566 1825 657 1850 cum
688 1824 835 1864 vespa,
877 1809 1059 1862 cynifes‚
1090 1809 1301 1848 coenomia
1335 1808 1462 1847 multa

379 1886 450 1926 Me
481 1883 892 1931 circumvolitabant,
931 1880 1052 1920 dente
1082 1881 1151 1921 sed
1185 1883 1472 1934 asperitabant,

377 1956 475 1995 Bini
503 1957 722 1994 crabrones
752 1955 963 1993 certabant
1002 1954 1201 2006 stringere
1230 1955 1382 1999 fauces,

382 2027 508 2077 Quod
537 2027 637 2066 mihi
668 2027 781 2065 nulla
815 2027 925 2064 salus
956 2028 1105 2065 mansit
1134 2041 1208 2066 nec
1239 2026 1379 2068 invida
1416 2026 1561 2066 virtus.

239 2103 322 2139 235
382 2098 525 2138 Adfuit
556 2097 619 2138 his
651 2098 827 2148 vitulus,
872 2097 978 2136 celso
1012 2110 1103 2135 cum
1135 2097 1312 2137 carmine
1344 2105 1494 2145 mutus,

380 2170 490 2219 Quin
525 2171 646 2210 etiam
676 2172 820 2221 vulpes
852 2168 1084 2219 geminabat
1115 2171 1158 2208 in
1188 2171 1349 2209 aethere
1380 2182 1512 2209 voces.

379 2243 459 2293 Ah,
494 2244 528 2281 si
555 2241 674 2281 docta
706 2255 850 2280 manus
875 2250 1074 2280 monstret
1106 2241 1383 2282 modulamina
1414 2238 1588 2279 cantust’

849 2313 970 2351 luter.

383 2386 594 2426 ‘Hostibus
625 2384 701 2424 ista
735 2385 813 2423 tuis
845 2385 947 2422 nihil
978 2393 1036 2422 est
1064 2382 1175 2436 quod
1210 2383 1283 2434 [tu]
1320 2382 1511 2431 verearis,

385 2457 538 2497 Credas
576 2458 745 2497 consilio
776 2456 861 2496 viso
894 2457 1104 2495 salvabere
1135 2469 1295 2503 somno,

239 2532 322 2569 240
384 2530 568 2579 Scilicet,
596 2539 642 2570 ut
672 2529 848 2570 vitulum
880 2528 1046 2580 patiaris
1076 2527 1188 2566 abire
1220 2528 1439 2572 tenellun13

335 2681 406 2710 214
432 2684 533 2710 uncta
561 2680 599 2711 Α.
697 2675 767 2709 216
795 2677 958 2709 ortamiua
987 2678 1025 2710 Α.
1122 2678 1192 2709 237
1224 2685 1265 2707 ac
1301 2674 1329 2707 si
1366 2676 1402 2707 Α.
