1721 2938
313 413 379 452 14.

312 703 376 740 15.

313 991 378 1026 16.

306 1277 371 1313 17.

314 1566 379 1601 18.

308 1854 371 1889 19.

409 116 712 160 GALLUS
763 115 860 157 ET
908 112 1223 156 VULPES.

433 269 484 308 Et
517 268 714 307 simulans
754 265 995 306 miraculum

435 339 522 379 Nee
554 341 677 379 habet
710 340 816 378 ultra
849 338 1054 390 spiritum.

435 411 633 463 Suspiriis
665 410 909 458 concutitur,

432 484 517 524 Vix
547 481 711 522 taudem
753 481 916 521 demum
950 481 1147 533 loquitur,

430 556 591 596 Affectu
624 567 796 607 quoque
831 552 970 602 debili,

437 628 566 678 Quasi
596 628 702 665 fessa
731 627 796 676 sit,
827 625 997 677 incipit:

436 700 560 737 ‘Haec
592 697 757 737 credere
788 698 879 750 quis
910 697 1073 749 polerit,

429 771 522 811 Nisi
555 770 643 809 visu
677 766 948 821 probaverit?

427 844 518 882 Hoc
549 841 658 881 auriS
702 841 736 880 si
780 840 968 886 audierit,

430 913 493 954 Ad
525 912 648 952 fidem
682 926 896 965 nunquam
942 911 1106 952 sufficit.

436 987 577 1038 Ipsum
608 993 766 1036 patrem
800 986 1085 1036 praecelleres,

423 1059 468 1098 Si
503 1066 663 1098 tautum
704 1071 829 1096 unum
860 1061 1074 1108 jungeres:

430 1131 623 1170 Gemellis
655 1137 701 1168 ut
736 1129 964 1168 luminibus

427 1202 585 1241 Pressis
615 1203 783 1241 saltares
813 1201 960 1240 altius.’

428 1273 520 1312 Huc
552 1286 683 1326 usque
718 1272 847 1323 gallus
878 1271 1038 1324 positus

425 1346 473 1384 ln
514 1346 726 1396 prosperis
763 1345 1017 1383 successibus

429 1417 518 1456 Jam
549 1417 660 1455 dabit
699 1415 965 1467 exemplaria,

430 1487 541 1536 Quid
573 1489 759 1527 conserat
800 1489 1006 1537 jactantia.

435 1562 553 1600 'l'uuc
584 1559 724 1599 eadem
754 1560 1016 1612 reciprocans

429 1633 545 1681 Quae
574 1636 656 1682 jam
690 1639 938 1672 monstrarat
974 1632 1170 1684 salutans,

429 1703 618 1746 Ostentat
647 1703 745 1743 dum
776 1702 1023 1755 prodigium,

429 1778 639 1830 Expertus
673 1784 732 1815 est
761 1775 1002 1815 ludibrium.

428 1849 536 1889 Nam
568 1849 685 1888 exilit
717 1849 761 1887 in
793 1862 930 1888 aerem

429 1921 659 1975 Utramque
690 1920 885 1960 claudens
920 1921 1061 1960 aciem.

429 1991 563 2040 Quem
595 1993 740 2044 vulpes
776 2006 897 2032 cursu
929 1993 1055 2032 subiit

427 2065 479 2103 Et
516 2078 587 2104 ore
617 2064 737 2103 hians
771 2065 956 2116 suscipit.

436 2135 527 2173 Hoc
560 2137 691 2186 gallus
721 2137 955 2185 infortunio

425 2203 557 2245 Tristi
587 2208 719 2246 fertur
749 2208 953 2247 vehiculo.

431 2277 556 2315 Acres
584 2277 709 2317 vicini
740 2278 923 2317 sentiunt

426 2348 476 2387 Et
509 2350 660 2389 celeres
699 2358 791 2401 post
830 2351 1012 2388 irruunt.

366 2447 374 2456 .
433 2419 623 2462 Clamore
654 2423 862 2474 complent
891 2422 1057 2462 nubila:

424 2490 604 2532 ‘Gallum
634 2495 739 2534 tollit
774 2492 1017 2546 vulpecula!

222 2641 275 2678 16,
302 2642 322 2670 3
351 2651 436 2679 gena
464 2641 547 2673 eliis.

1400 113 1479 153 347
