1721 2938
265 137 348 178 370
789 127 1097 171 UNIBOS.

570 282 721 323 Fundit
754 294 945 320 nummos
979 281 1100 330 hujus
1131 294 1260 332 equae

568 357 727 395 Venter
756 368 832 407 pro
864 354 933 393 vili
966 361 1158 393 stercore.

414 436 507 471 128.
567 428 647 466 Per
677 435 818 467 noctes
848 440 953 479 equa
984 425 1162 476 singulas

516 494 519 498 ’
569 499 692 537 Tales
722 500 842 545 jactat
873 495 1084 547 pecunias,

571 569 659 622 Ops
690 569 828 620 regina
859 568 1058 620 pecuniae

572 643 654 681 Ani
686 640 799 680 sedet
833 639 1060 679 foramine)

416 720 508 756 129.
566 714 753 766 Repente
786 713 882 752 visis
912 712 1078 760 talibus,

575 785 737 826 Auditis
769 785 832 822 his
864 783 1140 831 sermonibus,

572 857 723 897 Hostes
755 856 855 894 iram
890 854 1078 901 reiciunt,

571 928 756 968 Unibovi
785 926 839 965 sic
872 926 1085 976 inquiunt:

426 1006 520 1042 130.
578 1000 634 1040 ‘Si
666 999 714 1038 de
748 999 915 1036 fortuna
946 995 1136 1046 gaudeas,

576 1072 724 1114 Vende
758 1071 876 1111 nobis
908 1072 986 1109 lio-c
1018 1069 1196 1108 animal:

576 1147 845 1198 Deponemns
880 1150 962 1181 tres
995 1141 1154 1189 odium,

578 1217 623 1256 Si
655 1227 944 1267 comparamus
974 1213 1209 1265 turgidum.⁷

422 1296 514 1331 131.
571 1287 756 1327 Vestitus
788 1286 943 1325 technis
978 1286 1129 1326 unibos

575 1360 640 1399 Ad
673 1368 752 1398 {res
782 1359 862 1398 hoc
893 1357 990 1397 dicit
1020 1358 1178 1398 socios:

582 1431 678 1470 Non
712 1439 772 1470 est
804 1432 909 1469 hanc
941 1429 1037 1469 dare
1070 1430 1186 1470 facile

588 1503 838 1544 Genitricem
871 1503 1084 1554 pecuniae.

422 1583 517 1618 132.
574 1577 710 1624 Hujus
764 1576 840 1613 snb
873 1575 979 1626 pelle
1008 1575 1162 1613 bestiae

582 1648 688 1685 Arca
716 1646 815 1684 latet
840 1644 1039 1696 laetitiae3

582 1717 680 1758 Non
713 1724 772 1756 est
801 1717 902 1755 haec
931 1716 1024 1756 vilis
1059 1716 1189 1754 bestia

584 1790 701 1839 Quae
732 1797 846 1828 tanta
873 1788 981 1840 parit
1026 1788 1225 1835 munera,'

428 1870 522 1906 133.
576 1862 637 1903 ‘Si
667 1862 716 1901 de
749 1869 818 1900 tua
862 1861 1091 1899 substantia

585 1936 679 1974 Tua
708 1935 884 1972 laetetur
913 1933 1075 1971 anima?

586 2008 652 2047 Illi
682 2006 846 2054 dicunt,
888 2004 1122 2053 ‘carissime,

586 2079 651 2118 Ne
686 2078 850 2117 differas
880 2079 986 2116 hanc
1020 2075 1226 2117 vendere.’

434 2152 526 2189 134.
585 2149 828 2201 versipellis
859 2149 1010 2188 unibos

589 2219 652 2258 Ad
685 2222 826 2258 brutos
858 2218 952 2257 dicit
982 2226 1063 2256 tres
1104 2216 1240 2255 viros:

587 2292 837 2330 ‘Jumentum
870 2289 1044 2330 vendam
1075 2289 1228 2336 nobile,

590 2362 670 2401 Sed
703 2376 784 2401 non
816 2375 894 2412 pro
924 2373 1053 2411 parvo
1084 2373 1268 2398 munere.

436 2438 529 2473 135.
588 2434 677 2471 Vos
709 2433 886 2479 vidistis,
907 2430 1018 2483 qnid
1049 2431 1223 2482 peperit,

596 2504 870 2555 Cognoscitis,
901 2502 1000 2556 qnid
1030 2503 1096 2541 hic
1129 2502 1256 2554 pluit3

369 2661 440 2697 128,
466 2661 485 2690 3
515 2658 584 2690 obs.
