1721 2938
286 292 354 328 46.

284 578 352 615 47.

287 862 356 901 48.

283 1152 349 1191 49.

288 1442 355 1477 50.

286 1730 352 1765 51.

290 2020 354 2054 52.

284 2304 351 2337 53.

284 2581 351 2619 54.

411 289 657 340 Priusquam
690 302 799 326 nunc
843 287 1054 337 subjiciam

408 361 532 398 Juxta
563 373 705 399 vocem
735 361 1032 411 propheticam,

407 430 514 479 Quia
553 430 695 470 fimum
727 429 1030 483 descripsimus,

402 504 498 543 Nou
532 504 681 554 gallum
723 505 1054 555 praeteribimus.

408 576 489 614 Per
517 576 667 625 gallum
701 574 984 614 decentissime

406 648 610 687 Doctores
641 647 910 698 subintellige,

411 716 495 765 Qui
534 731 659 766 voce,
706 720 828 768 gestis
862 719 1082 768 clamitant,

407 788 629 829 Audiam-es
670 804 723 829 ne
765 798 970 841 torpeant.

416 860 468 900 Se
499 861 634 914 ipsum
665 862 777 914 prius
809 863 951 910 exerit,

406 934 519 973 Dum
563 935 669 973 lalus
701 934 774 973 alis
807 936 996 986 percutit,

407 1007 462 1046 Ut
493 1006 579 1058 ipse
610 1007 790 1058 primum
824 1008 980 1054 sentiat,

405 1077 499 1127 Quo
534 1077 708 1118 subditis
750 1078 982 1118 annuntiat.

407 1150 503 1190 Edit
532 1164 653 1191 voees
683 1150 936 1204 productiles

406 1223 562 1272 Nocte,
595 1237 687 1264 cum
718 1231 895 1264 stertunt
930 1223 1131 1270 homiues,

407 1294 515 1333 Nam
551 1306 655 1345 opus
685 1302 744 1334 est
773 1294 1034 1340 clamoribus,

409 1364 643 1404 Coecantur
674 1364 772 1405 dum
813 1366 1036 1406 erroribus.

413 1437 500 1477 Sub
530 1438 663 1477 lucem
698 1439 844 1478 crebro
878 1439 1108 1490 perstrepit,

406 1510 581 1562 Signans
611 1511 756 1550 horam
785 1509 938 1559 judicii,

406 1585 452 1622 ln
495 1597 576 1636 qua
607 1596 692 1621 nox
721 1584 846 1632 hujus
877 1584 1004 1621 seculi

400 1654 618 1693 Perhennc
651 1668 772 1693 mane
812 1653 982 1706 deperit,

409 1726 523 1764 Voce
556 1740 649 1765 cum
687 1727 743 1765 sic
775 1726 1057 1777 circumtonat,

409 1796 759 1838 obsurdescentes
793 1797 996 1846 fulminat,

418 1870 502 1909 Suo
539 1883 712 1909 mouens
752 1870 998 1919 hortamine,

407 1942 494 1981 Jam
528 1956 604 1981 nos
637 1941 686 1981 de
723 1955 868 1981 somno
901 1956 1081 1994 surgere.

413 2014 509 2053 Non
543 2023 599 2053 est
640 2027 703 2052 res
744 2009 1009 2063 incredibilis,

407 2086 610 2125 Doctores
640 2098 759 2137 posse
788 2084 878 2124 fieri

406 2156 571 2220 Divinis
604 2157 882 2205 juvaminibus

403 2226 570 2265 Solutos
603 2241 625 2265 a
667 2226 929 2273 criminibus„

411 2298 572 2336 Etenim
606 2306 696 2349 post
727 2299 935 2349 apostolos

408 2369 716 2410 Praedicatores
757 2369 918 2408 inclitos

409 2440 609 2479 liri-orum
642 2454 772 2479 coeno
815 2438 939 2478 fetida

413 2509 557 2546 limisit
588 2508 791 2547 idolatria.

411 2580 524 2626 Quos
554 2579 613 2616 sal
658 2579 839 2618 salvator
869 2579 1056 2617 nominat

401 2649 589 2702 Loquela
619 2663 791 2689 narrans
832 2649 969 2701 tipica,

365 120 669 164 GALLUS
730 119 824 162 ET
887 119 1202 164 VULPES.

1376 125 1454 171 351
