1721 2938
245 130 330 172 254

248 503 328 537 330

248 863 330 899 335

251 1223 332 1262 340

250 1588 330 1628 345

252 1950 333 1986 350

252 2309 331 2344 355

757 128 1091 172 EcBAstS.

385 282 520 332 Mugit
550 295 669 321 vacca
701 282 870 335 loquax,
909 280 1011 334 quin
1044 288 1186 320 taurus
1217 283 1411 322 cornibus
1443 282 1593 329 audax,

384 352 548 394 Perdita
579 352 884 403 demonstrant,
929 361 1067 392 natum
1103 367 1178 405 per
1207 355 1366 405 singula
1406 357 1597 395 lustrant.

385 427 459 464 Ast
489 425 682 476 vosagina
712 426 848 474 canis,
886 426 1074 465 lustrosis
1106 427 1267 465 conscia
1295 427 1421 475 silvis,

386 499 571 537 Venerat
600 499 650 537 ad
689 497 867 536 inedium
900 506 1054 538 certum
1094 497 1252 537 dictura
1279 501 1480 538 relatum:

388 572 608 617 ‘Aestimm
638 570 750 624 qnod
782 571 898 610 vobis
929 572 1161 609 reserentur
1189 570 1337 621 gaudia
1382 572 1562 621 moestis,

390 645 437 683 ln
469 644 606 694 genesi
635 644 806 694 legitur,
854 643 962 681 Esau
1004 656 1096 680 cum
1136 652 1247 693 gesta
1281 644 1488 691 seruntur,

385 714 459 755 Ille
486 718 627 766 sagitta
657 715 801 754 doctus
835 724 921 753 erat
953 714 1204 768 gravidaque
1236 716 1397 764 faretra,

389 790 587 827 Portabat
618 801 774 834 cornu,
820 788 950 826 fuerat
990 787 1060 839 qui
1091 786 1232 826 doctus
1264 787 1304 825 in
1338 802 1450 836 arcu,

389 859 594 910 Capsidile
625 872 700 897 suo
728 860 908 908 gestabat
940 860 979 897 in
1013 859 1177 909 inguine
1214 859 1374 906 dextro,

389 932 466 970 Hic
498 945 558 969 ine
591 931 785 977 nutrivit,
817 944 891 981 per
920 944 1013 968 rara
1044 930 1215 968 latibula
1246 929 1377 968 duxit.

387 1008 484 1045 Post
507 1013 677 1043 {nortem
708 1003 863 1042 domini
896 1003 1011 1042 vobis
1043 1002 1229 1042 mendica
1257 1003 1449 1043 remansi.

390 1078 501 1117 Visis
536 1085 802 1124 consternor,
834 1075 982 1115 auditis
1016 1072 1137 1116 corde
1166 1073 1381 1114 retundor.

389 1149 512 1188 Juxta
544 1158 603 1188 est
633 1151 843 1203 spelaeum
875 1150 1003 1187 inulto
1035 1146 1298 1200 praedantiue
1332 1147 1515 1199 plenum,

391 1221 486 1264 Sole
518 1223 594 1261 sub
625 1221 796 1262 occiduo
827 1223 980 1260 latrans
1014 1233 1142 1273 prope
1173 1222 1253 1268 jam
1287 1217 1388 1271 pede
1421 1219 1528 1258 fesso

389 1295 613 1336 Audieram
643 1296 880 1347 strepitum,
926 1301 1083 1332 certans
1113 1290 1395 1343 conprendere
1429 1291 1602 1335 melut⁴n3

387 1367 601 1407 Reddetur
631 1368 819 1415 stabulo,
851 1366 884 1406 si
917 1366 1053 1405 forsan
1082 1365 1294 1418 quaeritur
1324 1363 1471 1404 antro)

388 1440 620 1492 Suscipitur
650 1453 798 1489 serino,
831 1453 954 1492 quem
986 1437 1147 1477 dixerat
1179 1437 1379 1476 barbarus
1411 1436 1576 1487 hospes,

388 1514 436 1552 Et
467 1511 687 1565 praedocta
721 1512 830 1551 canis
869 1525 940 1550 ceu
973 1511 1103 1549 fertur
1134 1507 1262 1549 odora
1293 1521 1441 1548 canunt
1471 1508 1545 1555 vis,

390 1585 486 1626 Non
505 1593 668 1637 praeter
692 1592 855 1624 centum
874 1595 1100 1636 properans
1121 1579 1389 1634 praetendere
1406 1593 1602 1632 gressum,

389 1659 536 1697 Donec
567 1657 776 1708 pervenit,
817 1669 900 1709 quo
933 1668 973 1694 se
1009 1652 1237 1693 conducere
1270 1652 1393 1693 vovit.

388 1730 507 1768 Tunc
527 1728 710 1781 equitum
742 1736 902 1767 turmae
928 1735 1082 1766 certant
1108 1723 1376 1778 peditumque
1403 1732 1603 1774 catervae,

388 1801 452 1840 Ne
483 1814 657 1839 numero
687 1801 850 1852 plures,
890 1800 1040 1838 virtute
1071 1807 1106 1837 et
1138 1790 1296 1838 honore
1327 1797 1520 1847 minores,

389 1871 551 1911 Indocti
581 1870 717 1910 stolidi
746 1871 867 1910 simul
904 1872 1146 1923 impugnare
1178 1869 1322 1921 parati.

391 1945 564 1985 Viribus
596 1943 756 1993 editior,
787 1945 955 1983 collecto
987 1952 1071 1983 tum
1104 1955 1222 1993 grege
1255 1944 1397 1990 maior,

391 2018 553 2065 Irritat,
585 2017 733 2055 mulcet
763 2024 930 2063 taurus,
964 2014 1185 2066 mugitibus
1216 2014 1382 2065 iinplet3

389 2091 456 2130 Fit
486 2102 612 2128 sonus
646 2090 688 2128 in
719 2089 866 2138 terris,
909 2087 1026 2141 quasi
1060 2095 1172 2127 totus
1202 2093 1366 2135 corruat
1394 2084 1519 2126 orbis.

389 2160 515 2199 Exilit
547 2161 614 2199 itte
643 2161 765 2212 lupus
796 2174 943 2201 somno
984 2160 1164 2212 vinoque
1197 2157 1396 2210 sepultus,

390 2232 601 2272 Convocat
631 2233 853 2283 armigeros
887 2230 1098 2284 pugnandi
1127 2234 1217 2279 jure
1257 2236 1452 2278 remotos,

393 2304 539 2356 Sperat
572 2305 789 2355 belligeros
820 2306 908 2344 solo
940 2313 1108 2355 torpore
1140 2300 1305 2353 peritos,

392 2379 542 2417 Arcem
573 2376 784 2416 contendit
818 2377 968 2424 hostes,
999 2389 1082 2428 quo
1114 2385 1281 2413 cernere
1313 2370 1453 2424 possit,

390 2452 501 2489 Visis
534 2451 725 2502 expavit,
770 2450 970 2501 reparatis
1001 2447 1157 2486 viribus
1189 2443 1299 2485 infit:

392 2520 440 2562 ‘O
473 2522 616 2561 famuli
645 2522 796 2571 fortes,
832 2521 1035 2562 animosas
1073 2518 1224 2558 cernite
1255 2522 1406 2568 gentes,

345 2666 414 2696 335
440 2661 601 2707 capsilide
627 2662 667 2694 A.
775 2659 843 2692 337
864 2641 977 2690 indica
1004 2654 1043 2689 A.
