1721 2938
537 176 1038 219 WALTHARIUS.
1441 181 1495 221 35

287 332 338 371 Et
368 331 523 382 magnis
551 331 740 382 precibus
772 330 985 369 dominum
1016 328 1211 368 decedere
1244 344 1382 382 pugna

289 405 543 456 Deposcunt.
601 402 703 440 furit
734 402 802 439 ille
829 402 970 451 miser,
1010 415 1237 456 coecusque
1266 406 1456 456 profatur

290 475 491 523 ‘Quaeso7
533 473 612 513 viri
639 474 765 512 fortes
795 481 833 512 et
861 481 1028 525 pectora
1062 488 1181 526 saepe
1215 477 1412 527 probata,

148 546 228 584 945
287 545 350 584 Ne
382 545 467 582 sors
498 545 598 581 haec
623 543 854 594 cuicunque
881 552 1053 592 metum,
1084 545 1152 583 sed
1175 548 1359 587 conferat
1380 551 1497 589 iram.

291 614 400 662 Quid
431 615 554 663 mihi,
591 615 625 652 si
653 615 818 664 Vosago
850 614 905 653 sic
935 615 990 654 sic
1024 616 1220 665 inglorius
1247 617 1348 657 ibo?

284 686 468 724 Mentem
492 686 667 737 quisque
694 699 825 724 meam
851 687 928 724 sibi
947 685 1137 725 vindicet.
1187 701 1237 724 eu
1261 702 1333 738 ego
1355 701 1499 741 partus

288 759 394 796 Ante
427 759 533 796 mori
562 771 674 806 sum,
705 758 983 797 wormatiam
1015 771 1135 810 quam
1166 760 1316 798 talibus
1347 765 1443 802 actis

286 829 510 882 Ingrediar.
570 839 677 882 petat
707 831 772 868 hic
808 830 979 882 patriam
1014 831 1101 868 sine
1126 832 1323 881 sanguine
1342 834 1501 873 victor?

151 907 232 942 950
293 904 501 942 Hactenus
532 904 682 942 arsistis
714 903 924 942 hominem
959 903 1136 953 spoliare
1167 904 1362 954 metallis3

288 973 410 1013 Nunc
442 973 602 1022 ardete,
639 975 739 1023 viri,
778 975 914 1013 susum
945 970 1146 1013 mundare
1178 989 1387 1024 cruorem,

288 1047 474 1086 Utmors
493 1049 694 1097 abstergat
710 1054 896 1094 mortem,
927 1046 1090 1096 sanguis
1113 1060 1279 1099 quoque
1295 1062 1502 1100 sanguem,

292 1118 539 1172 Soleturque
572 1132 713 1157 necem
745 1118 949 1157 sociorum
979 1119 1096 1169 plaga
1126 1121 1347 1160 necantis.’

244 1176 340 1230 His
373 1193 497 1231 alium
529 1191 644 1230 dictis
677 1192 842 1231 demens
872 1193 1075 1242 incendit,
1103 1203 1141 1233 et
1171 1208 1312 1234 omnes

154 1271 233 1306 955
293 1267 462 1306 Fecerat
493 1268 751 1305 immemores
787 1268 891 1306 vitae
925 1268 1046 1306 simul
1077 1276 1197 1319 atque
1230 1269 1384 1308 salutis.

292 1339 348 1376 Ac
380 1339 491 1379 velut
523 1338 566 1375 in
597 1337 702 1376 ludis
738 1340 862 1377 alium
892 1339 1158 1390 praecurrere
1191 1341 1364 1392 quisque

290 1409 353 1447 Ad
379 1418 554 1448 mortem
583 1409 758 1460 studuit3
806 1409 873 1449 sed
907 1411 1070 1460 semita,
1109 1419 1153 1449 ut
1185 1419 1302 1450 antea
1335 1412 1440 1461 dixi,

297 1480 478 1531 cogebat
511 1482 632 1520 binos
663 1482 772 1519 bello
804 1481 1022 1520 decernere
1055 1483 1178 1520 solos.

296 1552 374 1590 Vir
402 1560 538 1590 tamen
572 1553 740 1592 illustris
773 1552 868 1591 dum
902 1554 1084 1592 cunctari
1114 1551 1222 1592 videt
1251 1554 1365 1601 illos,

157 1630 237 1663 900
296 1626 460 1664 Vertice
494 1625 703 1664 distractas
736 1625 950 1678 suspendit
982 1627 1024 1664 in
1058 1626 1205 1663 arbore
1237 1626 1397 1672 cristas,

297 1697 347 1735 Et
377 1706 546 1737 ventum
579 1707 743 1749 captans
775 1698 1113 1739 stulorem.te1·sit
1147 1698 1331 1737 anhelus.

244 1753 385 1822 Ecce,
414 1775 633 1825 repentino
664 1771 849 1811 Randols
877 1773 1029 1810 athleta
1059 1774 1238 1819 cavallo,

299 1848 569 1887 Praevertens
599 1848 784 1899 reliquos
815 1847 924 1884 hunc
965 1848 1227 1898 importunus
1259 1845 1406 1894 adivit,

302 1920 353 1959 Et
381 1932 480 1958 mox
510 1921 664 1959 serrato
695 1921 810 1970 petiit
842 1921 918 1958 sub
945 1927 1110 1970 pectore
1143 1927 1279 1957 conto.

163 1995 243 2030 965
301 1991 351 2030 Et
382 1993 461 2030 nisi
490 1991 644 2030 duratis
676 1991 895 2030 wielandia
928 1992 1082 2029 fabrica
1111 1991 1208 2041 giris

303 2061 519 2112 Obstaret‚
560 2064 689 2115 spisso
721 2063 996 2114 penetraverit
1026 2063 1095 2100 ilia
1124 2063 1250 2112 ligno.

259 2121 345 2178 Ille
376 2147 532 2186 tamen,
573 2139 709 2177 subito
741 2139 993 2189 stupefactus
1025 2136 1147 2176 corda
1176 2150 1354 2188 pavore,

302 2212 518 2250 'Munimen
550 2213 670 2264 clipei
703 2213 851 2261 objecit
880 2220 1142 2264 mentemque
1172 2212 1347 2262 recepit3

304 2283 390 2322 Nec
423 2292 555 2323 tamen
588 2293 626 2323 et
655 2285 810 2334 galeam
842 2285 975 2322 fuerat
1007 2284 1228 2334 sumpsisse
1259 2282 1438 2320 facultas.

167 2356 246 2390 970
306 2353 491 2393 Francus
524 2362 564 2392 at
595 2356 738 2394 emissa
768 2354 946 2406 gladium
981 2354 1209 2393 nudaverat
1237 2355 1354 2391 hasta

306 2424 357 2464 Et
383 2426 536 2465 feriens
569 2427 685 2466 binos
721 2427 919 2479 Aquitani
951 2427 1103 2468 vertice
1134 2425 1266 2462 crines

263 2525 330 2554 944
360 2523 443 2556 fehlt
473 2527 511 2557 C.
534 2525 577 2558 E.
650 2528 719 2557 945
755 2524 824 2557 fors
857 2526 909 2557 vel
937 2526 975 2557 C.
1050 2527 1119 2557 947
1154 2528 1300 2556 mentem
1330 2524 1455 2566 quippe
1482 2524 1522 2558 C.

169 2594 209 2614 en
237 2593 302 2624 ego
330 2588 446 2625 partus
473 2586 515 2616 Α.
534 2586 574 2618 Β.
597 2586 636 2618 C.
657 2586 697 2619 Ε.
772 2589 840 2618 956
869 2597 908 2617 ac
933 2585 982 2616 uti
1015 2584 1053 2615 C.
1126 2587 1195 2616 958
1227 2583 1393 2617 decedere
1421 2586 1458 2617 A.
1484 2586 1521 2617 (f.

171 2645 241 2674 952
273 2642 400 2675 rantolt*
430 2644 458 2676 I.
541 2647 608 2676 963
644 2645 707 2677 huc
735 2646 774 2678 C.
857 2646 926 2676 964
959 2654 998 2675 ac
1033 2653 1110 2675 mox
1142 2643 1167 2676 Ι.
1242 2647 1311 2677 965
1346 2644 1525 2678 uuelandia

173 2704 214 2734 Α.
244 2702 282 2735 C.
359 2705 425 2736 967
455 2703 557 2736 corde
586 2704 608 2737 l.

1162 2768 1227 2807 3*
