1721 2938
252 118 335 160 284
766 116 1100 160 ECBASIS.

393 274 436 312 Si
466 286 613 324 prece,
652 272 686 310 si
715 272 850 324 pretio
881 274 1046 311 laxatur
1077 272 1208 323 captio
1241 282 1372 324 capto,

391 341 545 384 Obside
574 350 786 395 suscepto,
818 355 889 381 seu
920 343 1039 382 firmo
1071 343 1121 382 sit
1158 351 1427 383 sacramento.

255 418 361 455 1185
394 413 478 463 Qui
507 416 583 455 hos
607 423 726 454 vocat
754 414 803 454 ad
834 427 1029 463 cameraS‚
1059 416 1265 467 piperatas
1290 415 1464 468 porrigit
1484 430 1607 464 escas,

393 489 540 528 Mollia
569 495 697 527 strata
730 488 837 536 jacit,
865 501 1138 540 quaecunque
1169 487 1339 527 tacenda
1368 489 1549 538 resolvit,

389 560 516 599 Nulla
545 568 688 600 catena
718 559 888 612 premit,
939 573 1014 598 nec
1046 560 1181 599 terrea
1208 561 1344 612 passio
1376 561 1493 612 cogit,

389 633 570 682 Excors,
601 633 724 671 sollus
759 645 907 684 eques,
939 632 1148 670 abnormis
1179 634 1366 682 garrulus
1396 632 1503 672 idem
1536 642 1606 682 est,

392 706 445 744 Et
469 705 578 757 perit
608 712 655 743 ut
692 703 815 754 lupus
846 704 911 743 hic
947 702 1151 753 condigno
1184 704 1265 743 fine
1291 704 1577 756 perhemptus3

253 780 360 816 1190
394 776 503 815 Nam
534 776 653 815 multi
692 783 893 827 pereunt,
928 776 1025 828 quia
1057 787 1179 815 sensu
1222 775 1359 816 vivere
1389 777 1547 816 nolunt.

390 849 487 888 Non
524 852 631 898 jactu
662 848 834 899 lapidis,
876 862 949 886 nec
980 851 1083 897 jacto
1114 847 1264 886 missile
1296 849 1455 900 quovis,

398 921 544 973 Captio
578 920 623 959 fit
653 920 773 958 castri
806 919 935 968 tanti,
969 920 1055 958 sine
1092 919 1234 969 caede,
1265 920 1430 972 peculii,

390 993 551 1043 Ingenii
593 1005 736 1031 sensus
770 988 1025 1043 prudentum
1058 991 1176 1030 fortis
1213 999 1252 1029 et
1285 998 1396 1030 astus

391 1065 563 1103 Milibus
596 1064 764 1103 armatis
803 1063 921 1102 citius
953 1062 1188 1103 dominatur
1215 1064 1427 1103 inhermis.

252 1139 358 1175 1195
392 1135 578 1186 Credite,
618 1135 820 1186 consocii,
859 1149 923 1174 me
953 1134 1047 1177 visit
1074 1135 1204 1188 gratia
1231 1135 1398 1174 Christi.

394 1209 646 1250 Conservate
684 1207 819 1258 fidem,
852 1207 1052 1248 nodosam
1082 1208 1221 1261 pellite
1251 1207 1455 1256 fraudem,

390 1281 621 1320 Subveniat
652 1281 782 1319 frater
811 1280 951 1329 fratri,
983 1294 1059 1332 pro
1095 1293 1214 1332 posse
1245 1279 1382 1318 fideli.’

392 1353 566 1391 Talibus
595 1353 719 1391 hosce
751 1365 925 1390 monens
957 1350 1121 1390 Christo
1154 1350 1419 1390 mandaverat
1448 1363 1603 1391 omnes.

390 1423 504 1462 Dum
532 1423 709 1462 redeunt
735 1422 901 1474 pariter,
933 1422 1085 1460 affatur
1111 1423 1207 1461 talia
1226 1430 1378 1461 mater:

251 1497 359 1532 1200
388 1495 490 1534 ‘Cur
517 1509 616 1546 non,
644 1503 751 1543 nate,
779 1494 924 1543 refers,
956 1508 1062 1547 quae
1088 1508 1232 1534 saevus
1257 1491 1600 1547 fecerithospes'?’

841 1567 1009 1606 vitulus.

385 1633 466 1684 ‘O,
496 1641 649 1684 mater,
679 1648 824 1686 peccas
855 1635 953 1675 dum
989 1636 1119 1675 tristia
1150 1643 1280 1675 metra
1309 1643 1514 1683 retractas,

388 1706 545 1746 Taedet
575 1707 788 1759 sacrilegas
821 1709 928 1747 antri
959 1722 1202 1760 percurrere
1233 1722 1363 1758 curas,

388 1780 474 1818 Has
506 1780 539 1818 si
567 1781 661 1832 plus
691 1780 850 1829 refero,
882 1780 1043 1819 fastidia
1078 1795 1224 1832 magna
1253 1781 1434 1833 parabo:

390 1852 523 1892 Dulce
554 1860 674 1891 sonat
702 1852 941 1902 modicum,
972 1853 1131 1893 confert
1162 1852 1325 1892 fastidia
1365 1866 1571 1903 magnum.

251 1928 357 1964 1205
389 1925 645 1963 Pertuleram
675 1925 790 1964 triste
810 1954 820 1974 ,
851 1924 964 1978 quod
994 1925 1050 1963 sic
1083 1923 1271 1963 tardastis
1309 1923 1487 1976 utrique,

388 1997 565 2035 Prorsus
595 1995 817 2046 jucundam
850 2005 1013 2036 noctem
1047 1995 1319 2048 produximus
1357 1996 1488 2045 istam,

388 2068 559 2108 Possedi
592 2069 775 2117 socium,
806 2069 877 2121 qui
908 2069 1048 2108 fletum
1083 2067 1189 2107 fudit
1221 2082 1420 2117 amarum,

387 2141 469 2180 Pro
498 2155 562 2179 me
594 2155 714 2193 saepe
745 2154 895 2192 rogans
934 2141 1122 2181 lacrimas
1156 2126 1299 2179 eduxit
1337 2154 1513 2180 amaras:

388 2213 521 2251 Luter
550 2213 750 2252 ridiculus
781 2214 940 2253 famoso
970 2222 1028 2253 est
1059 2213 1225 2252 nomine
1255 2212 1386 2251 dictus

252 2287 360 2322 1210
392 2285 652 2324 “Atlrectans
684 2299 849 2334 amnes,
878 2287 1029 2336 piscosi
1058 2285 1227 2335 gurgitis
1263 2284 1419 2322 he1·es.'’

386 2357 507 2395 Hisce
538 2355 638 2394 meis
670 2357 798 2395 oculis
831 2354 997 2394 detersit
1029 2357 1143 2406 signa
1172 2355 1345 2392 meroris

383 2428 470 2466 Sub
502 2436 663 2467 noctem
693 2427 954 2480 gelidumque
985 2428 1076 2466 foco
1107 2427 1315 2465 calefactat
1355 2426 1541 2464 amicum.

389 2499 485 2539 Non
518 2507 653 2539 tamen
690 2499 871 2541 adversis
902 2501 1106 2540 insomnia
1144 2498 1335 2538 duximus
1378 2497 1536 2544 austris,

345 2651 388 2681 12
398 2652 405 2682 Ι
415 2651 436 2681 0
462 2651 639 2682 anrectans
668 2650 704 2681 Α,
