1721 2938
530 139 1026 183 WALTHARIUS.
1403 145 1458 187 27

248 294 524 347 Temptarim,
565 307 636 333 seu
669 308 752 347 quo
787 293 941 344 merui,
985 293 1095 348 quod
1126 295 1220 334 talia
1250 297 1405 348 possim

248 368 345 405 Jure
369 368 474 418 pati,
505 363 658 419 absque
683 381 797 406 mora
822 375 890 405 tua
913 380 975 405 me
997 369 1298 408 transverberet
1321 370 1460 409 hasta!

111 441 190 477 705
247 437 435 476 Necdum
466 451 698 476 sermonem
730 439 1007 486 concluserat,
1043 451 1092 476 en
1127 437 1432 480 Scaramundus

245 510 385 550 Unum
419 509 468 547 de
504 509 610 548 binis
646 509 791 548 hastile
822 509 989 548 retorsit
1018 510 1061 548 in
1092 510 1231 561 illum,

247 581 556 633 Confestimque
590 579 713 619 aliud.
773 594 951 633 quorum
984 583 1273 624 celeberrimus
1307 587 1430 627 heros

244 653 385 693 Unum
418 652 590 701 devitat,
628 652 760 705 quatit
790 666 843 690 ex
874 653 1054 692 umbone
1084 655 1324 697 secundum.

244 727 362 765 Tunc
393 725 519 764 aciem
549 724 672 776 gladii
702 738 896 778 promens
928 723 1234 765 Scaramundus
1265 731 1391 778 acuti,

108 805 187 839 710
248 799 415 838 Proruit
438 798 479 837 in
507 802 717 848 juvenem,
756 797 924 850 cupiens
948 797 1236 850 praescindere
1264 801 1460 853 frontem,

243 870 484 923 Ess'renique
516 870 557 908 in
590 884 697 923 equo
729 870 901 923 propius
931 870 1123 910 devectus
1154 871 1204 910 ad
1235 873 1369 923 illum,

246 943 344 983 Non
375 943 505 982 valuit
538 943 658 995 capiti
687 944 881 982 libratum
916 942 1116 982 infindere
1146 945 1312 984 vulnus.

248 1015 330 1055 Sed
360 1016 552 1068 capulum
586 1016 722 1067 galeae
753 1016 943 1067 impegit,
988 1015 1099 1054 dedit
1132 1015 1200 1055 illa
1230 1017 1432 1056 resultans

247 1088 462 1138 Tinnitus,
501 1087 720 1141 ignemque
753 1089 874 1126 simul
905 1088 1128 1128 transfudit
1162 1088 1211 1128 ad
1244 1104 1376 1129 auras.

108 1164 188 1200 715
245 1159 326 1200 Sed
357 1174 439 1200 non
471 1159 736 1212 cornipedem
768 1161 901 1212 potuit
936 1161 1068 1211 girare
1099 1163 1349 1213 superbum3

248 1234 396 1273 Donec
425 1233 686 1273 Vl'altharius
718 1234 795 1271 sub
827 1241 1009 1271 mentum
1044 1233 1221 1285 cuspidis
1252 1235 1377 1273 ictum

245 1305 436 1355 Fixerat,
477 1314 516 1344 et
544 1307 641 1345 sella
677 1304 972 1344 moribundum
1005 1307 1169 1345 sustulit
1200 1307 1291 1345 alta.

247 1375 330 1424 Qui
360 1385 481 1427 caput
512 1377 668 1415 orantis
698 1378 870 1428 proprio
901 1391 1098 1417 mucrone
1128 1376 1336 1426 recidens,

243 1449 356 1488 Fecit
387 1457 603 1499 cognatum
634 1450 790 1500 pariter
820 1449 982 1488 fluitare
1013 1463 1216 1488 cruorem.

107 1524 186 1559 720
245 1519 367 1558 Hunc
396 1519 468 1557 ubi
499 1518 754 1558 Guntharius
783 1519 999 1570 conspexit
1030 1520 1147 1558 obire
1177 1522 1401 1573 superbus,

245 1592 447 1631 Hortatur
477 1592 609 1630 socios
641 1605 818 1643 pugnam
852 1605 1053 1631 renovare
1086 1593 1284 1633 furentes.

245 1662 560 1715 ‘Aggrediamur
593 1678 716 1712 eum,
753 1678 827 1702 nec
857 1665 1061 1715 respirare
1093 1663 1296 1712 sinamus,

246 1736 392 1775 Donec
428 1735 617 1775 deficiens
651 1738 866 1784 lassescat,
908 1744 945 1774 et
976 1734 1070 1774 inde
1101 1736 1309 1774 revinctus

246 1809 483 1847 Thesauros
514 1806 683 1855 reddet,
719 1811 804 1847 luet
839 1815 875 1845 et
908 1820 983 1858 pro
1015 1807 1212 1857 sanguine
1246 1808 1428 1858 poenas.'

108 1883 186 1919 725
245 1880 408 1919 Tertius
439 1893 488 1918 en
519 1878 827 1919 VVerinhardus
860 1879 943 1916 abit
975 1879 1213 1930 bellumque
1243 1879 1416 1916 lacessit.

248 1951 483 1999 Quamlibet
513 1966 563 1990 ex
595 1953 716 2003 longa
749 1959 966 2003 generatus
996 1951 1121 2002 stirpe
1153 1957 1372 2000 nepotum,

252 2022 289 2063 Ο
319 2024 384 2062 vir
417 2022 547 2061 clare!
591 2031 687 2062 tuus
720 2031 914 2074 cognatus
946 2032 984 2062 et
1017 2023 1113 2060 artis
1148 2029 1326 2069 amator,

251 2094 459 2144 Pandare,
503 2096 574 2148 qui
609 2095 816 2148 quondam
848 2098 982 2145 jussus
1013 2092 1265 2133 confundere
1300 2091 1445 2132 foedus

248 2167 296 2205 In
331 2166 489 2206 medios
523 2168 648 2206 tclum
682 2167 836 2206 torsisti
870 2167 1027 2219 primus
1059 2163 1261 2204 Achivos!

110 2244 205 2278 730*
249 2239 327 2277 Hic
359 2252 559 2291 spernens
589 2240 745 2278 hastam
776 2240 1010 2291 pharetram
1043 2240 1213 2289 gestavit
1245 2245 1281 2276 et
1312 2250 1466 2276 arcum.

249 2311 419 2350 Eminus
451 2313 605 2350 emissis
637 2311 745 2351 haud
779 2325 911 2364 aequo
939 2312 1073 2350 Marte
1105 2311 1258 2360 sagittis

252 2384 534 2422 Waltharium
563 2385 750 2423 turbans.
810 2391 952 2422 contra
979 2391 1115 2423 tamen
1146 2383 1213 2420 ille
1243 2380 1372 2421 virilis

206 2501 276 2531 703
309 2499 388 2541 quid
417 2501 455 2532 A.
481 2499 520 2531 E.
554 2499 644 2541 quod
672 2500 711 2534 C.
791 2501 862 2532 705
895 2500 1124 2542 compleverat
1152 2498 1191 2530 Β.
1229 2494 1315 2527 hunc
1340 2495 1397 2527 Sc.
1425 2494 1464 2527 C.

110 2562 180 2591 709
214 2559 344 2590 libitum
373 2560 412 2592 C.
486 2563 554 2592 713
589 2561 637 2593 illi
664 2562 704 2594 Α.
778 2562 847 2592 718
880 2560 1038 2591 attollens
1065 2559 1103 2590 B.
1134 2556 1219 2589 doch
1247 2553 1465 2596 sibergeschr.

113 2618 252 2651 orantis.
336 2620 405 2650 720
440 2617 552 2650 obisse
577 2619 618 2652 B.
703 2622 772 2652 722
806 2630 848 2652 nc
875 2620 915 2652 B.
997 2621 1064 2650 723
1100 2617 1248 2649 tabescat
1273 2617 1311 2648 C.
1396 2617 1465 2646 725

113 2677 310 2710 wurhardus
337 2679 374 2710 A.
410 2675 628 2711 wirmliardus
656 2679 694 2713 Β.
733 2678 926 2713 werhardus
953 2678 992 2710 C.
1067 2680 1135 2711 727
1162 2677 1250 2710 arcis
1277 2677 1315 2710 C.
1339 2675 1379 2709 Ε.
