1721 2938
247 135 331 176 180

251 366 298 400 15

246 1452 299 1488 30

246 1814 298 1850 35

246 2171 300 2210 40

244 2527 298 2565 45

556 129 974 174 Ruonhlssss
1037 130 1189 187 fragm,
1222 133 1280 175 x.

356 287 465 325 Haec
495 284 595 337 quod
624 287 659 322 ei
686 284 866 332 dederat,
896 293 1098 324 reverenter
1126 287 1360 338 suscipiebat.

358 358 526 397 Incidens
551 370 686 409 panem
714 358 865 396 turbam
896 362 1061 411 partitur
1088 362 1123 396 in
1152 373 1306 408 omnem,

362 432 579 470 Transmisit
608 433 718 468 cuivis
749 431 892 468 discum
922 433 1138 484 specialibus
1168 436 1270 482 escis,

357 503 450 542 Cum
477 504 554 540 vino
580 510 777 554 pateram,
808 506 950 541 mittens
979 504 1184 555 aliquando
1214 505 1417 544 medonem.

358 572 505 613 Rbtlieb
533 576 740 613 contribulis
773 580 920 614 conviva
942 575 1020 626 fuit
1049 576 1211 626 socialis,

358 647 420 686 Ea:
450 661 520 685 uno
546 661 645 699 pane
674 649 869 687 comedunt
899 663 973 686 una
1004 663 1150 701 quoque
1174 650 1292 697 lance,

357 719 419 758 Ex
451 734 523 758 uno
554 722 689 773 cyatho
719 722 885 760 biberant
918 725 1155 760 communiter
1185 722 1310 760 ambo.

357 793 482 832 lismoi
515 796 662 832 conviva
690 795 777 832 solet
816 808 891 832 esse
930 795 1127 833 monedula
1165 796 1258 845 sola,

362 863 434 902 Cui
455 864 609 915 pilulam
639 867 758 903 micae
788 879 871 902 cum
902 866 992 915 dat,
1024 869 1123 918 capit
1148 866 1233 913 illa,
1276 865 1430 917 superbe

362 937 618 988 Perspatz'ans,
648 950 812 975 mensam
840 945 1090 976 transversam
1118 939 1275 976 transilit
1301 952 1456 977 omnem.

359 1010 519 1047 Fer-cula
545 1017 629 1061 post
659 1011 776 1048 multa
800 1018 881 1063 post
910 1011 1048 1064 pocula
1077 1018 1200 1064 totque
1226 1018 1355 1050 secuta

364 1082 464 1121 Tunc
496 1082 589 1120 hera
613 1086 731 1134 poscit
760 1097 925 1136 aquam,
965 1086 1197 1122 camerarius
1226 1085 1346 1122 attulit
1378 1084 1493 1122 illam.

359 1155 426 1195 Ad
451 1169 596 1193 mensas
627 1170 794 1209 quasque
821 1170 963 1195 summo
981 1156 1090 1208 jubet
1118 1157 1215 1195 lzanc
1256 1157 1352 1195 dare
1379 1160 1522 1209 cuique.

359 1229 450 1267 Post
479 1228 562 1266 hinc
587 1231 786 1280 pincernae
809 1232 949 1281 passim
976 1236 1104 1281 potum
1131 1229 1303 1267 tribuere.
1458 1220 1461 1225 ι

359 1301 498 1339 Mensis
520 1304 659 1338 amotis
680 1298 908 1339 mensalibus
938 1308 1050 1352 atque
1075 1302 1223 1352 plicatis

356 1374 467 1412 Laeti
491 1380 714 1421 consurgunt
754 1373 927 1411 dominae
963 1380 1163 1426 gratesque
1206 1372 1399 1421 dederunt,

358 1449 495 1487 Dicunt
527 1448 696 1497 gaudere
736 1446 882 1486 Rbtlieb
927 1462 1060 1486 sanum
1090 1448 1252 1496 rediisse,

361 1519 445 1571 Quo
474 1519 681 1556 consuletur
719 1525 899 1567 matrem,
936 1534 981 1557 ne
1017 1520 1111 1570 plus
1140 1518 1350 1566 tribuletur,

358 1594 537 1632 Primitus
569 1600 609 1630 ut
638 1606 760 1645 saepe,
793 1593 889 1631 dolet
918 1593 990 1631 illo
1017 1607 1109 1632 cum
1142 1593 1333 1634 caruisse.

355 1666 423 1704 Est
443 1666 671 1715 divulgatum
699 1669 769 1704 cito
783 1670 858 1718 'per
883 1673 1010 1704 totam
1037 1665 1249 1717 regionem
1415 1667 1596 1710 LXVIII

357 1735 522 1775 Rbtlieb
551 1741 684 1776 venisse
707 1739 989 1790 locupletatum
1021 1745 1082 1776 sat
1105 1736 1285 1779 abunde.

358 1810 459 1848 Dum
476 1810 546 1847 sibi
561 1818 644 1861 post
663 1811 807 1862 placuit
837 1808 933 1849 dum
953 1817 1241 1863 secretumque
1263 1810 1341 1849 sibi
1363 1810 1420 1861 fit,

354 1881 477 1919 Intrat
508 1882 677 1919 conclave
706 1896 790 1920 cum
819 1882 968 1920 dilecta
998 1881 1077 1920 sibi
1104 1890 1247 1931 matre,

355 1950 651 2005 Scutiferumque
674 1953 783 2006 jubet
811 1954 1013 1992 enthecam
1049 1965 1133 2005 quo
1164 1952 1244 1991 sibi
1279 1952 1419 1993 ferret.

355 2025 414 2063 De
443 2040 521 2078 qua
552 2027 765 2079 multiplices
800 2025 976 2065 extraxit
1017 2038 1116 2077 opes
1146 2025 1346 2078 pretiosas

359 2097 407 2135 In
433 2097 651 2149 chrusinis,
675 2099 718 2137 in
751 2098 936 2150 pelliciis,
964 2112 1091 2136 census
1117 2105 1150 2137 et
1172 2099 1281 2148 alius,

358 2169 462 2208 Eaeul
487 2183 586 2222 quae
616 2170 718 2208 denis
745 2170 1029 2209 nanciscebatur
1056 2172 1092 2207 in
1121 2172 1240 2207 annis.

357 2239 457 2278 Post
471 2239 604 2290 poscit
622 2253 755 2291 peras,
773 2253 874 2292 quas
889 2239 1041 2291 scutifer
1058 2227 1177 2278 attulit
1190 2228 1372 2289 amaus]-
1452 2237 1593 2276 LXIX

361 2309 551 2349 Eat-trahat
577 2318 616 2349 ut
633 2324 750 2363 panes
755 2310 863 2363 jubet
878 2311 973 2348 hunc
984 2309 1115 2360 factos
1137 2317 1229 2361 aput
1245 2307 1370 2358 Afros.

357 2380 473 2429 Quos
492 2381 588 2423 dum
604 2381 815 2435 produxit,
835 2381 1176 2435 matrijoculanter
1191 2384 1221 2419 is
1235 2383 1373 2432 inquit:

355 2454 452 2492 ‘Hos
475 2455 659 2504 deservivi,
691 2463 795 2494 tenus
816 2456 904 2503 hac,
932 2462 1064 2504 mater,
1085 2454 1148 2492 ubi
1165 2466 1297 2491 mansi.

355 2524 443 2566 Hos
472 2528 574 2567 mihi
602 2541 679 2567 rex
708 2525 879 2566 dederat
908 2540 935 2565 n
998 2555 1008 2566 .
1069 2555 1078 2564 .
1140 2554 1150 2564 .
1210 2555 1219 2564 .

338 2686 382 2716 21
409 2685 495 2718 iiber
520 2684 708 2718 monedula
738 2685 794 2718 die
820 2686 936 2728 glosse
963 2683 1066 2717 taho.
