1721 2938
655 101 990 144 ECBASIS.
1420 107 1505 149 277

159 257 238 293 985
300 255 455 306 Aptant
485 255 561 294 hae
593 255 743 294 celeres
774 254 952 294 herboso
988 253 1135 305 cespite
1167 250 1296 290 sedes.

742 326 934 378 psitacus.

295 396 481 437 ‘Scrutor
507 395 748 443 raucisona,
776 409 875 434 num
908 394 957 433 sit
985 406 1152 446 quoque
1177 393 1304 432 fracta
1327 390 1500 444 lagena?

300 467 423 515 Quod
452 467 553 507 mihi
584 466 769 518 poscenti
798 480 881 506 non
916 464 1066 504 dantur
1092 464 1243 517 pocula
1274 465 1371 514 vini,

292 539 399 578 Nam
433 551 570 591 neque
602 537 796 578 divitibus
830 537 1073 589 contingunt
1103 535 1249 588 gaudia
1280 537 1403 577 solis.’

694 612 760 649 leo
790 612 961 663 psitaco.

293 684 502 736 ‘Apponas
530 683 710 736 aliquam
728 713 739 731 ‚
769 684 803 721 si
835 683 943 722 nosti
967 683 1093 729 sorte,
1123 682 1350 722 medelam!

728 756 921 808 psitacus.

155 834 236 869 990
295 829 366 869 Nil
397 829 477 868 nisi
504 829 596 868 lene
628 827 742 868 decet
771 829 910 870 vacuis
942 829 1194 870 committere
1223 829 1364 869 venis.’

696 902 763 942 leo
791 902 962 954 psitaco.

297 972 380 1013 ‘Nil
413 987 486 1024 ego
518 973 786 1027 praetulerim
815 973 998 1024 jucundo
1028 987 1151 1014 sanus
1179 974 1333 1014 amico?

732 1046 925 1098 psitacus.

288 1114 496 1157 ‘Oderunt
526 1116 699 1156 hilarem
727 1118 873 1158 moesti
901 1118 1140 1170 tristemque
1169 1118 1323 1167 jocosi.’

285 1189 394 1228 Nam
423 1190 511 1238 leo,
542 1203 634 1228 cum
668 1191 765 1230 vino
798 1190 997 1239 incaluit,
1028 1203 1128 1229 mox
1158 1190 1253 1229 talia
1286 1189 1413 1230 dixit:

287 1262 445 1314 ‘vulpes
483 1269 644 1301 sensata
673 1261 901 1314 prudenter
930 1272 1095 1301 rexerat
1124 1262 1216 1311 ista,

152 1338 232 1374 995
290 1334 446 1386 Meque
472 1347 688 1387 meamque
722 1333 890 1374 domum
923 1346 1050 1384 super
1081 1348 1203 1374 omne
1235 1333 1392 1374 revexit
1419 1334 1494 1372 ho-

978 1414 1151 1456 nestum,

291 1474 454 1528 Corpus
485 1476 717 1525 languentis
746 1476 986 1516 confoverat
1016 1478 1109 1528 igne
1139 1478 1292 1526 salutis,

288 1546 542 1587 Seminecem
574 1549 769 1587 membris
800 1562 875 1586 nec
906 1558 1033 1588 cessat
1060 1548 1234 1589 reddere
1267 1550 1428 1587 mensis.

287 1620 399 1660 Haec
430 1621 548 1672 petiit
577 1620 750 1673 pardum
786 1629 878 1672 post
910 1635 973 1660 me
1005 1636 1176 1673 regnare
1204 1621 1442 1670 secundum,

285 1693 407 1732 Istius
437 1689 487 1732 ad
520 1701 662 1733 votum
693 1706 830 1743 regem
861 1690 1109 1733 sacravimus
1146 1696 1289 1733 istum:

151 1771 259 1806 1000
289 1765 395 1806 Nam
429 1779 517 1804 mea
551 1766 630 1804 sint
663 1764 782 1817 pardi
813 1778 918 1817 quae
951 1765 1069 1817 pardi
1103 1766 1293 1818 proxima
1322 1765 1450 1816 vulpi.

698 1841 764 1880 leo
799 1840 945 1892 pardo.

288 1913 482 1964 ‘Vulpem
514 1920 722 1952 versutam
755 1913 875 1951 lateri
905 1927 954 1951 ne
985 1912 1234 1964 depresseris
1262 1911 1468 1962 unquam)

289 1985 409 2023 Tunc
435 1993 602 2023 versuta
636 1983 740 2024 dolis
772 1984 821 2025 de
855 1993 969 2024 tanto
998 1998 1168 2023 munere
1195 1983 1300 2033 regis

289 2057 498 2096 Tristatur
528 2057 630 2094 sacie
662 2070 913 2109 quamquam
943 2058 1118 2096 laetetur
1147 2054 1197 2094 ad
1229 2068 1365 2094 omne.

670 2128 824 2180 pardus
855 2130 978 2168 leoni.

290 2198 481 2238 ‘Tristior
511 2207 569 2238 est
601 2200 742 2247 solito,
778 2213 842 2237 me
876 2201 1003 2239 cernit
1036 2199 1188 2238 lumine
1218 2198 1351 2237 tort0.'

699 2272 764 2310 leo
797 2270 940 2323 pardo.

151 2344 257 2380 1005
289 2340 346 2380 ‘Si
372 2340 472 2394 quid
505 2343 590 2382 vult
614 2344 846 2395 proprium,
877 2357 1019 2383 verum
1054 2355 1137 2381 uon
1163 2341 1259 2379 celet
1295 2339 1494 2378 amicum)

739 2417 898 2468 vulpes.

296 2481 379 2521 ‘Est
409 2496 553 2534 specus
583 2485 624 2522 in
656 2486 767 2527 silvis
798 2488 893 2526 celsi
924 2489 999 2526 sub
1033 2485 1209 2525 culmine
1241 2482 1402 2527 montis,

289 2552 406 2590 Hanc
441 2555 540 2593 mihi
572 2570 697 2606 posco
730 2557 839 2605 dari,
866 2559 962 2596 sacti
994 2557 1217 2595 munimine
1250 2553 1416 2603 sc1·ipti.'

292 2622 546 2662 Confirmant
575 2639 711 2677 reges,
743 2629 857 2679 petiit
893 2626 1004 2680 quod
1036 2625 1208 2667 subdola
1240 2625 1394 2675 vulpes,
