1721 2938
140 323 222 363 245

443 97 484 139 R
500 97 536 139 U
555 97 594 139 O
613 95 651 138 D
667 96 704 138 L
720 96 740 138 I
754 96 793 138 E
811 97 848 139 B
908 97 1061 153 fragm.
1093 97 1169 138 111.
1404 99 1484 140 149

279 250 387 302 Ergo
416 251 477 290 tui
507 249 641 289 cuncti
673 264 765 289 cum
795 258 891 289 sunt
919 249 1055 288 hostes
1086 247 1259 297 nihilati,

279 322 433 361 Partim
462 321 665 370 defuncti,
695 308 844 373 partim
874 322 1069 361 membris
1103 319 1290 369 mutilati,

278 395 449 434 Illorum
479 394 584 433 nulli
612 393 689 432 tibi
718 392 818 445 quid
849 395 943 445 plus
974 402 1069 433 sunt
1092 393 1281 433 nocituri.

277 468 415 515 Kare,
454 465 545 504 redi
583 465 724 514 citius,
754 466 852 517 quia
893 479 976 518 quo
1011 466 1151 506 venias
1180 465 1399 513 inhiamus,

220 560 227 567 x
278 538 469 590 Inprimis
500 546 543 577 ut
579 550 655 576 nos
686 539 790 576 bene
825 546 957 576 tecum
987 537 1260 589 pacificemu8‚

140 1047 221 1083 255

140 1412 222 1447 260

139 1769 220 1806 265

140 2134 223 2168 270

275 610 472 649 Praestita
504 603 639 648 dando
666 609 741 650 tibi
776 609 1010 661 saepissime
1041 624 1146 662 quae
1179 609 1363 649 meruisti

278 682 374 722 Non
407 695 579 734 parcens
609 680 802 733 propriae
832 695 909 732 pro
932 681 1053 721 nobis
1083 680 1260 733 denique
1296 682 1427 721 vitae!

276 757 350 795 Ast
378 756 418 793 in
460 754 540 792 fine
589 755 724 794 brevis
754 755 876 803 hujus
907 753 1014 804 [stat]
1046 753 1220 806 epistola
1251 753 1412 794 matris:
1486 766 1635 801 sohtaa.

277 826 350 864 ‘Mi
379 825 436 864 fili
467 839 579 874 care,
618 855 629 865 .
682 854 692 865 .
751 854 760 865 .
813 827 983 865 miserae
1016 827 1152 865 matris
1183 839 1424 876 memorare,

278 897 412 946 Quam
454 899 556 937 sicut

279 972 582 1010 Inconsolatam
612 972 721 1011 bona
776 1000 785 1010 .
840 999 850 1010 .
905 999 916 1010 .
974 1000 984 1010 .

279 1045 326 1083 ln
355 1043 538 1094 genitore
567 1051 640 1082 tuo
702 1072 712 1082 .
767 1071 777 1081 .
842 1071 852 1082 .
893 1052 986 1081 nate
1016 1041 1199 1083 secundo

279 1117 392 1154 Dum
432 1129 592 1154 mecum
624 1116 785 1164 fueras,
816 1117 922 1154 mala
953 1123 1098 1154 cuncta
1132 1114 1234 1153 mihi
1261 1114 1485 1160 relevabas,
1528 1119 1533 1122 '

283 1187 388 1226 Cum
419 1187 662 1236 discessisti,
701 1188 874 1238 gemitus
905 1186 1006 1225 mihi
1037 1184 1333 1237 multiplicasti.

278 1262 358 1302 Sed
390 1271 525 1302 tamen
566 1271 791 1315 utcumque
825 1262 1096 1302 decernebam
1131 1263 1320 1308 tolerare,

278 1335 429 1375 Secure
460 1336 649 1374 miseram
682 1334 780 1373 dum
812 1348 950 1387 posses
989 1333 1138 1373 ducere
1169 1333 1292 1373 vitam

281 1409 384 1447 Prae
413 1416 473 1447 tot
503 1415 584 1445 tam
612 1406 779 1455 validis,
810 1408 885 1445 tibi
915 1416 994 1446 tam
1027 1405 1127 1445 diris
1149 1405 1337 1445 inimicis.

282 1479 364 1527 Qui
396 1479 492 1531 quia
525 1487 621 1517 sunt
652 1479 787 1517 cuncti
834 1479 1011 1518 mutilati
1041 1479 1126 1518 sive
1156 1475 1373 1529 perempti,

283 1553 363 1592 Fili
401 1553 517 1599 kare,
544 1549 645 1600 redi,
679 1552 814 1590 luctus
844 1551 966 1590 finem
1005 1550 1100 1589 dato
1131 1551 1263 1600 matri,

274 1623 550 1676 Adventuque
581 1631 653 1662 tuo
684 1624 1011 1674 consanguineos
1054 1622 1226 1661 hilarato
1359 1672 1362 1673 ⁷

277 1695 376 1734 Non
405 1696 623 1747 solumque
654 1703 771 1744 tuos,
811 1695 880 1734 sed
912 1708 1054 1735 omnes
1085 1693 1410 1745 compatriotas?
1436 1715 1491 1722 -—

282 1764 486 1805 Omnibus
518 1766 666 1806 auditis
705 1767 821 1806 miles
851 1767 972 1806 nimis
1009 1776 1067 1806 est
1098 1767 1309 1814 hilaratus,

277 1836 361 1875 Pro
392 1838 480 1876 sola
512 1845 641 1876 matre
672 1837 849 1876 lacrimis
877 1835 1144 1889 perfunditur
1173 1849 1258 1874 ore.

281 1907 329 1947 Id
357 1910 599 1948 resciscente
632 1910 776 1961 populi
806 1922 975 1948 rumore
1005 1907 1159 1957 sodale,

277 1980 396 2020 Ultra
429 1981 626 2020 credibile
658 1982 830 2020 nimium
849 1981 892 2020 fit
919 1981 1066 2020 mentis
1096 1981 1290 2028 acerbae3

279 2055 436 2107 llleque
462 2069 548 2094 non
577 2057 733 2105 solum,
764 2057 864 2108 quin
896 2054 1010 2108 quod
1039 2056 1114 2093 fuit
1159 2053 1457 2105 apparitorum,

283 2127 401 2168 Stant
428 2130 500 2169 ubi
531 2131 594 2169 vel
624 2129 816 2178 resident,
847 2129 968 2168 simul
991 2129 1132 2167 intime
1173 2127 1490 2167 condoluerunt.

279 2202 450 2251 Dicunt,
475 2202 587 2255 quod
612 2216 825 2255 nunquam
842 2201 1035 2241 vidissent
1050 2201 1145 2241 huic
1169 2201 1343 2240 similem
1363 2215 1486 2254 quem

282 2272 416 2312 Moris
448 2273 663 2312 honestate
693 2271 789 2311 fidei
822 2273 887 2310 vel
918 2273 958 2311 in
991 2274 1244 2323 integritate3

283 2343 407 2392 Quod
441 2360 516 2384 uec
548 2347 665 2385 obest
694 2346 780 2392 ulli,
815 2344 899 2394 sed,
930 2345 1001 2384 ubi
1038 2346 1151 2398 quit,
1181 2345 1336 2398 profuit
1367 2329 1494 2384 (imni.

284 2415 431 2467 Atqui
461 2419 664 2457 servimen
695 2421 780 2467 ejus
809 2431 963 2458 novere
997 2416 1207 2467 diurnum,

146 2487 227 2523 275
289 2485 468 2525 Dicunt:
511 2489 624 2543 ‘quid
655 2490 828 2540 mirum,
859 2490 937 2529 sibi
965 2489 1000 2529 si
1030 2503 1114 2529 non
1147 2498 1206 2528 est
1240 2500 1465 2528 onerosum

241 2631 312 2663 250
339 2627 486 2675 denique
513 2640 566 2664 am
591 2630 685 2672 rand,
724 2634 805 2664 statt
833 2629 893 2663 des
920 2629 1078 2664 frtiheren
1103 2629 1237 2677 utique.
