1721 2938
117 850 195 885 130

116 1206 195 1242 135

119 1558 196 1596 140

183 2434 189 2439 “
224 2435 493 2487 Respondent
522 2439 698 2490 pariter,
727 2439 840 2493 quod
872 2449 993 2492 agant
1021 2440 1063 2480 id
1094 2441 1212 2482 valde
1241 2441 1432 2480 libenter.

118 2585 170 2620 10

428 115 832 159 RUODLIEB
891 117 1043 173 fragm.
1073 116 1101 158 l.
1132 117 1185 159 ΙΙ.
1387 118 1468 160 133

257 270 369 309 Dum
401 270 496 310 satis
528 271 636 310 inter
668 285 709 311 se
744 271 792 310 de
827 272 951 311 rebus
983 271 1248 324 disposuere;

257 341 388 392 Regni
421 344 642 395 metropoli
682 350 895 394 coeperunt
927 342 1179 394 appropiari,

255 416 301 453 ln
335 430 416 468 qua
446 429 519 454 rex
550 415 660 465 genti
687 415 817 464 legem
847 411 958 452 dedit
988 413 1240 454 advenienti.

261 487 415 527 Castris
445 485 639 537 ingressis
658 515 668 535 ‚
701 485 841 537 pueriS
876 494 913 524 et
941 487 1057 537 equis
1087 487 1314 537 ambulatis,

254 560 301 598 In
338 559 459 598 simul
491 557 541 597 ad
574 565 729 597 curtem
761 559 1044 609 properabant
1074 560 1205 598 visere
1234 575 1385 612 regem.

257 631 313 671 Ut
344 639 584 671 venatorem
617 644 694 669 rex
722 630 844 679 vidit,
886 629 990 668 dixit
1019 628 1069 668 ad
1098 630 1239 669 illum:

256 701 391 741 ‘Unde
420 704 558 752 venis,
592 702 692 756 quid
722 703 901 742 rumoris
936 704 1038 750 fers,
1073 701 1195 741 dicito
1227 703 1362 741 nobis.

255 775 529 826 Invesfigasfi,
567 789 642 827 per
672 775 813 815 silvam
847 774 1014 828 quando
1046 775 1203 820 measti,

255 846 408 885 Ui‘sum
443 847 527 888 sive
558 861 695 897 suem,
725 847 849 886 libeat
884 862 956 886 uos
983 862 1153 899 pergere
1176 856 1266 900 post
1291 845 1445 901 quem?

254 918 337 966 Qui
367 933 450 958 nou
485 910 529 958 ut
559 919 751 969 domiuo,
793 919 862 959 sed
897 934 968 959 ceu
998 920 1212 972 respondit
1243 922 1398 961 amico:

254 987 439 1028 ‘Illorum
472 999 688 1040 neutrum,
729 991 799 1030 sed
834 991 1062 1032 eorundem
1094 991 1340 1032 domitorem

256 1061 529 1113 Investigavi,
556 1064 716 1115 reperi⁷
748 1077 907 1102 mecum
940 1065 1015 1103 tibi
1045 1063 1160 1113 duxi,

256 1133 417 1174 Scilicet
445 1136 554 1174 hunc
585 1139 778 1185 juvenem
808 1136 965 1175 tibimet
1001 1138 1154 1179 servire
1184 1135 1409 1187 decentem,

256 1204 354 1243 Arte
385 1207 479 1244 satis
508 1214 661 1256 catum,
692 1206 872 1245 venandi
902 1216 1046 1260 satque
1076 1209 1256 1257 beatum,

252 1274 310 1313 'Ut
339 1289 456 1324 reor,
491 1284 618 1328 utque
651 1289 726 1316 suo
757 1277 859 1316 mihi
890 1280 1074 1317 cernitur
1108 1278 1149 1316 iu
1186 1279 1396 1319 comitatu.

257 1345 309 1384 Et·
339 1360 428 1384 cum
463 1346 666 1397 dignaris,
707 1348 824 1386 illum
856 1350 952 1387 satis
985 1349 1070 1399 ipse
1100 1350 1314 1399 probabis.

255 1416 293 1454 l's
324 1431 397 1455 sua
430 1417 507 1456 fert
538 1416 647 1457 dona
678 1418 752 1457 tibi
782 1432 912 1469 parva
944 1433 1018 1457 nec
1046 1418 1272 1468 abicienda,

252 1487 383 1538 Inque
416 1487 643 1526 clientelam
678 1502 760 1540 quo
793 1488 1011 1539 suscipias,
1044 1489 1179 1541 cupit,
1212 1491 1357 1530 illum.‘

256 1554 338 1604 Qui
368 1571 666 1608 praeeursoreul
699 1560 800 1599 lazva
828 1560 962 1598 tenuit
991 1560 1230 1611 bicolorem,

252 1628 328 1667 Cui
362 1629 438 1668 suit
469 1638 612 1670 aurata
643 1631 751 1672 collo
784 1646 973 1672 connexa
1004 1639 1159 1671 catena.

759 1838 813 1880 ΙΙ.

223 1913 377 1971 ‘Nunc
405 1931 666 1970 est'consilio
699 1933 819 1972 nobis
852 1946 956 1983 opus
988 1930 1253 1982 inveniendo,

224 2004 412 2052 Qualiter
444 2004 555 2043 illius
587 2006 729 2058 pietati
760 2004 1044 2056 gratificemus,

225 2075 321 2115 Nou
351 2076 448 2115 solis
476 2076 613 2115 verbis
645 2089 824 2128 quorum
857 2076 951 2115 satis
983 2076 1254 2122 inveniemus,

224 2146 303 2185 Sed
339 2145 437 2199 quid
470 2145 675 2186 donorum
708 2149 916 2186 mittamus
947 2147 984 2187 ei
1014 2149 1242 2197 variorum,

224 2222 296 2260 Est
326 2230 371 2260 ut
400 2221 516 2275 equis
548 2221 700 2271 frenis,
732 2236 834 2262 auro
868 2230 1029 2274 compte
1060 2225 1254 2274 faleratis,

224 2293 402 2334 Pelliciis
436 2294 574 2345 crisis,
603 2294 822 2344 varicosis,
854 2296 939 2336 sive
966 2296 1194 2336 crusennis.

222 2363 285 2403 Ad
321 2365 460 2417 quod,
501 2381 584 2419 quo
615 2367 717 2406 mihi
748 2368 838 2420 quis
869 2368 999 2418 dicat,
1037 2368 1134 2410 velit
1161 2368 1379 2408 auxiliari!

228 2507 374 2546 Grates
405 2510 484 2559 egit
514 2511 570 2548 eis
604 2524 680 2549 rex
712 2519 752 2550 et
784 2520 878 2563 post
909 2513 1008 2551 haec
1039 2513 1094 2551 ait
1121 2513 1226 2552 illis:

229 2578 350 2627 ‘Quid
382 2580 720 2632 respondendum
751 2583 802 2622 sit
828 2585 985 2633 missis,
1026 2584 1146 2623 dicite
1176 2583 1382 2636 primum?

226 2655 297 2695 Est
330 2654 387 2695 ibi
418 2655 691 2709 philosophus
721 2657 877 2698 cunetis
906 2658 1132 2712 sapientior
1160 2674 1281 2708 unus,

1459 850 1467 865 ἲ

1472 1941 1529 1975 fol.
1546 1943 1597 1975 5³.
