1721 2938
150 406 229 442 710

150 765 227 801 715

152 2205 232 2239 730

650 102 987 145 ECBASIS.
1410 106 1492 148 267

742 256 898 308 vulpes.

289 331 404 370 ‘Vult
443 328 636 369 dominus
671 339 810 366 secum
850 327 1017 365 fratrem
1049 324 1098 364 de
1133 327 1320 377 pluribus
1356 343 1496 378 uuum,

290 400 373 450 Qui
401 402 544 440 recitet
573 400 772 450 spalmos,
808 397 971 438 divinos
1002 406 1196 450 personet
1228 415 1388 452 ymnos,

289 473 452 525 Organa
482 470 667 524 spalterii
698 479 857 521 repetat
887 468 1167 509 modulamine
1203 471 1324 512 dulci.

284 544 494 597 Impedior
522 542 701 581 lacrimis
740 556 1014 594 prorumpere
1050 556 1203 583 nomen
1235 548 1422 586 amantis.

286 616 470 655 Virtutes
502 614 678 667 pardum
710 615 959 653 comitantur
989 615 1170 654 amiciter
1200 618 1346 657 istum:

285 689 382 728 Non
416 697 472 727 est
504 693 721 740 perjurus,
753 700 890 739 neque
919 685 1110 725 sordidus
1143 701 1187 726 ac
1217 688 1415 740 suffosus,

290 760 428 800 Coniis
458 769 496 798 et
527 760 734 807 urbanus,
775 760 911 798 animo
945 760 1057 810 pius,
1094 772 1163 798 ore
1193 774 1374 810 serenum,

293 832 477 872 Consilio
513 841 678 881 cautus,
713 830 977 880 moderatus,
1010 832 1120 883 pacis
1151 832 1317 881 amicus,

287 906 415 946 Novit
438 904 534 958 quid
556 906 759 957 pulcrum,
791 903 888 957 quid
910 912 1042 956 turpe,
1071 903 1169 957 quid
1194 906 1304 953 utile,
1329 906 1500 959 {alsum3

293 976 337 1016 Si
370 978 475 1017 foret
508 976 557 1015 ad
589 990 808 1029 praesenS,
841 976 953 1015 solus
983 977 1252 1028 praecelleret
1279 981 1446 1019 omnes.’

698 1048 934 1101 leopardus.

288 1120 392 1160 ‘Fiat
418 1121 521 1160 velle
554 1128 692 1168 tuum,
724 1123 900 1173 simplex
927 1120 1140 1160 dumtaxat
1172 1130 1211 1161 et
1242 1137 1387 1171 unum,

292 1194 351 1233 Sit
386 1195 513 1233 fixum
547 1193 658 1246 quod
690 1195 772 1243 vis,
803 1194 853 1232 sit
885 1193 1011 1232 vivax
1041 1194 1167 1244 gratia
1203 1196 1334 1234 nobis.

291 1267 402 1305 Dum
432 1268 557 1319 lupus
587 1268 761 1308 infestus
791 1267 958 1320 pecori,
988 1271 1235 1308 venantibus
1267 1272 1368 1322 apri,

290 1338 454 1389 Frigida
488 1339 583 1378 dum
618 1349 803 1392 pugnant
834 1340 996 1389 calidis,
1031 1341 1243 1380 humentia
1275 1343 1402 1391 εἰςείς,

290 1411 400 1450 Dum
432 1426 537 1451 nova
570 1412 789 1452 crescendo
820 1414 1031 1464 reparabit
1064 1427 1220 1452 cornua
1251 1415 1431 1464 Phoebe,

291 1484 352 1522 Sit
383 1485 502 1523 nobis
536 1485 710 1524 solidum
744 1484 938 1524 concordi
971 1484 1136 1525 foedere
1169 1490 1356 1538 pactum.7

291 1556 357 1596 Sic
389 1558 464 1606 ait,
506 1566 544 1596 et
576 1557 718 1597 mediis
748 1557 952 1597 interserit
985 1560 1123 1597 oscula
1155 1561 1294 1600 labi-Is.

742 1631 900 1682 vulpes.

300 1698 502 1748 ‘Quantus
535 1714 650 1739 amor
683 1702 804 1749 coeli,
837 1709 947 1740 tanta
979 1709 1035 1740 est
1070 1700 1232 1740 dilectio
1261 1702 1416 1739 nostri?

710 1771 946 1825 leopardus.

289 1843 485 1894 6Ιιιειήςεῐ,
527 1844 560 1882 si
590 1846 694 1884 bene
726 1847 798 1895 sit,
829 1844 941 1899 quod
972 1845 1084 1895 regia
1117 1845 1231 1883 curia
1262 1846 1418 1897 poscit.’

290 1916 457 1967 Egregie
491 1917 638 1956 sactum
672 1918 813 1958 laudat
840 1918 1059 1971 vulpecula
1090 1926 1235 1957 totum.

680 1991 824 2042 vulpes
856 1991 981 2029 leoni.

294 2061 420 2100 ‘Hora
455 2070 513 2100 est
545 2062 763 2114 surgendi,
804 2071 873 2101 tua
907 2070 1002 2101 sunt
1035 2062 1153 2115 quasi
1192 2063 1301 2113 regia
1334 2062 1506 2103 Croesi!

791 2135 871 2175 leo.

293 2201 368 2241 ‘Ad
401 2218 580 2245 mensam
613 2204 746 2256 vado,
778 2206 977 2259 perfortia
1010 2206 1103 2245 vina
1138 2207 1321 2261 requiro,

291 2273 584 2328 Quinquennis
619 2280 707 2317 vini
738 2280 824 2318 sitis
861 2288 918 2318 est
951 2281 1048 2319 citra
1081 2294 1191 2319 mare
1228 2282 1337 2319 unti.'

747 2353 905 2405 vulpes.

295 2416 400 2455 ‘Non
431 2421 536 2459 valet
569 2422 609 2460 id
640 2422 752 2473 fieri,
784 2439 959 2478 quaeras
993 2425 1103 2478 quod
1136 2426 1263 2476 possit
1296 2426 1452 2464 haberi.

297 2488 355 2527 Ad
387 2498 424 2527 te
457 2505 546 2530 cum
578 2493 704 2543 redii,
737 2500 980 2537 u·evi1·ensia
1017 2499 1111 2536 xfiua
1151 2499 1338 2549 probavi,

255 2665 320 2694 73'2
350 2665 457 2706 possis
487 2667 534 2708 A,
561 2667 644 2702 oder
670 2669 756 2703 dazu
783 2669 937 2703 habere?
1013 2672 1077 2702 733
1106 2670 1297 2704 trevirentia
1324 2675 1363 2705 Α.
