1721 2938
260 125 343 165 372
791 120 1095 162 UNIBOS.

407 278 498 316 144.
558 275 631 314 Illa
663 281 813 325 putans
847 272 898 311 ad
930 281 1110 313 aratrum

563 345 725 385 Decluci
756 346 832 383 sibi
863 346 1084 396 cognitum.

569 418 655 456 Sub
687 416 816 455 cauda
853 419 962 457 laxat
995 419 1219 470 squibulas,

564 489 677 529 Sicut
709 490 834 537 solet,
878 489 1148 529 foedissimas.

409 569 500 606 145.
561 564 672 602 Dum
705 562 894 601 stercoriS
924 563 1131 614 quassatio

566 633 746 674 Auditur
777 649 799 672 a
845 636 1089 685 presbitero,

562 708 765 746 Nummos
800 715 914 758 putat
944 706 1168 759 procedere

566 780 630 818 Ex
661 780 753 818 alvo
786 780 930 817 brutae
964 780 1131 819 bestiae.

410 855 502 892 146.
563 851 721 891 Clamat
763 851 976 890 sacerdos:
1018 852 1166 902 ‘pueri‚

567 924 805 973 Abscedite,
851 924 1077 973 domestici,

565 998 686 1037 Solus
718 988 848 1035 meam
879 998 1111 1048 recolligam

568 1070 698 1118 Quam
734 1068 887 1108 donavi
919 1069 1158 1121 pecuniam!

406 1149 496 1185 147.
559 1144 662 1182 Cum
697 1141 886 1180 sacerdos
919 1141 1162 1179 scrutinium

554 1217 633 1253 Per
661 1215 803 1253 fimum
834 1214 928 1252 facit
960 1211 1173 1260 foetidum,

565 1286 704 1325 Unum
739 1286 940 1324 minutum
975 1287 1174 1338 repperit,

565 1358 686 1406 Quod
719 1359 959 1397 festinanter
999 1358 1157 1409 accipit.

409 1438 501 1475 148.
561 1433 820 1478 jumentum,
862 1444 954 1468 cum
989 1443 1061 1469 sex
1094 1434 1295 1472 mensium

566 1500 675 1541 Olim
707 1501 849 1539 fuisset
880 1501 1114 1551 parvulum,

567 1574 733 1612 Vulnus
763 1572 941 1623 suscepit
981 1572 1115 1623 stipite

564 1644 646 1682 Ani
673 1643 812 1682 tenelli
837 1642 992 1680 limine.

409 1722 502 1760 149.
560 1715 624 1755 Ibi
654 1715 859 1753 minutum
890 1714 1082 1762 substitit,

565 1790 612 1827 In
644 1787 828 1826 cicatrice
861 1787 991 1834 latuit,

566 1861 683 1913 Equa
713 1873 802 1898 cum
835 1872 1027 1897 nummos
1056 1858 1245 1909 reddidit,

563 1931 678 1981 Quos
716 1932 865 1970 unibos
896 1931 1126 1970 subintulit.

412 2012 505 2046 150.
565 2005 638 2043 Illa
669 2004 809 2042 scrobs
840 2002 898 2040 illi
931 2004 1114 2042 vulneris

565 2076 797 2115 Invenieuti
827 2075 997 2126 profuit,

565 2149 676 2187 Dum
712 2146 931 2185 commovit
960 2144 1174 2197 pecuniam
1230 2138 1234 2140 i
1268 2135 1274 2138 .

564 2221 609 2258 Iu
644 2219 773 2257 cliuus
803 2217 1090 2256 hordeaceam.

415 2299 505 2333 151.
566 2291 635 2329 [Est
670 2292 834 2340 vulgare
866 2289 1159 2340 proverbium:

565 2361 702 2409 ‘Quod
737 2374 818 2399 uon
851 2360 981 2412 prosit
1010 2374 1092 2398 non
1130 2367 1186 2398 est
1220 2359 1400 2399 malum.'

571 2434 651 2472 Ani
682 2434 779 2471 laesi
810 2433 993 2471 molestia

566 2505 801 2544 Presbitero
834 2503 900 2542 dat
929 2502 1089 2555 gaudia.

409 2582 502 2616 152.
559 2575 821 2627 Praepositus
858 2590 933 2627 per
963 2573 1142 2615 studium

562 2646 793 2686 Sacerdotis
827 2648 923 2698 petit
954 2646 1135 2686 domum,
