1721 2938
132 931 214 966 250

137 1725 220 1762 260

140 2084 222 2123 265

149 2662 220 2698 sich

627 125 975 169 ECBASIS.
1396 129 1477 172 251

278 278 400 327 Quod
430 280 464 318 si
493 281 724 332 postponis,
756 280 832 319 soli
862 279 938 318 tibi
966 278 1114 318 damna
1142 280 1311 331 parabis

271 352 318 390 In
352 366 469 403 grege
502 365 730 390 muscarum
760 365 904 390 noscas
941 353 1104 402 spelaea
1136 353 1330 403 serarum,

273 424 388 471 Quae
420 432 458 462 te
494 423 688 461 dilanient
719 431 757 461 et
790 430 871 461 toto
906 437 1081 475 corpore
1123 424 1333 463 scindent:

275 497 383 535 Nam
410 495 562 534 stimuli
591 509 738 545 vespae
769 502 864 533 sunt
894 496 1000 535 vires
1030 497 1170 535 mortis
1214 498 1397 536 acerbae.

271 568 400 607 Binos
432 568 654 606 crabrones
685 569 826 606 ambos
860 581 1058 619 cognosce
1106 579 1308 621 parentes,

273 638 354 687 Qui
390 647 530 677 natum
562 638 735 686 deflent,
780 640 916 678 fauces
948 638 1021 677 tibi
1054 641 1189 691 stipite
1222 642 1356 691 figent.

277 712 321 749 ln
352 710 482 759 jubilo
512 710 646 761 vulpis
676 710 837 761 proprii
884 724 981 760 cape
1013 710 1125 761 signa
1158 710 1372 750 moeroris.

269 783 420 820 Infelix
452 783 603 821 vitulus
647 795 728 820 non
762 789 875 832 grata
910 781 1105 834 compede
1140 784 1299 821 vinctus

273 852 395 891 Exiet
426 851 475 891 ad
509 866 696 906 campum
717 881 727 901 ‚
757 853 910 890 bellum
942 867 1032 891 cum
1066 854 1225 892 venerit
1257 861 1409 892 ortum.

274 923 382 973 Quid
418 924 532 965 dabis
568 938 663 975 ergo
697 921 842 963 bonis?
888 925 944 964 sic
973 934 1049 965 stat
1083 927 1281 965 sententia
1311 927 1458 967 somni.

743 999 880 1051 lupus.

270 1071 375 1110 ‘Heu
406 1067 527 1110 mihi!
562 1068 659 1122 quid
689 1070 847 1119 faciam,
876 1073 941 1111 vel
961 1072 1096 1124 qualia
1126 1073 1251 1110 verba
1273 1070 1487 1112 retexam?

277 1143 392 1192 Quae
411 1145 520 1182 bona
541 1142 813 1182 distribuam?
836 1159 940 1196 quae
961 1144 1253 1183 mundiburdia
1271 1145 1489 1198 quaeram?

273 1215 412 1253 Poscis
445 1227 521 1266 pro
553 1214 711 1261 vitulo,
744 1214 942 1252 minitaris
982 1227 1058 1265 pro
1092 1202 1292 1266 pei-ituro,

277 1286 321 1326 Si
351 1286 466 1325 daret
496 1286 715 1324 Heinricus
748 1286 869 1326 nobis
902 1300 1094 1337 percarus
1127 1289 1281 1326 amicus

279 1358 457 1411 Sporcos
498 1359 766 1410 quingentos,
800 1359 952 1397 vitulos
985 1357 1154 1397 totidem
1187 1360 1403 1409 saginatos,

277 1430 372 1469 Non
405 1431 507 1468 seret
538 1431 717 1481 inpune,
747 1430 857 1483 quod
889 1431 1033 1482 sparsit
1065 1432 1260 1482 fragmina
1295 1446 1458 1483 coenae,

275 1503 425 1541 Viniae
461 1501 697 1551 dulcorem,
728 1504 890 1542 solitum
926 1503 1063 1553 [mihi]
1097 1505 1205 1541 serre
1238 1518 1448 1555 soporem.

277 1574 363 1614 Cur
392 1575 499 1626 perit
530 1575 734 1613 incassum
774 1583 889 1614 tanto
922 1575 1071 1615 sudore
1103 1577 1326 1628 paratum?

275 1646 398 1695 Quod
446 1647 544 1688 soris
575 1649 769 1696 excessit,
815 1649 934 1687 nobis
971 1649 1206 1686 nullatenus
1238 1649 1378 1696 haesit,

279 1719 357 1759 Sed
392 1728 483 1771 post
514 1721 741 1770 ingressum
769 1721 817 1758 sit
850 1721 968 1758 nobis
1000 1718 1324 1770 discutiendum3

275 1794 482 1833 Instauret
513 1791 746 1845 quadruplo
775 1801 963 1843 sumptus
1014 1794 1159 1831 stultus
1200 1794 1301 1831 mihi
1329 1795 1492 1847 simplo.

280 1864 406 1902 Mane
441 1877 582 1902 canam
627 1865 818 1915 psalmos,
852 1865 885 1903 si
915 1864 1048 1904 tardat
1077 1878 1191 1904 sacra
1221 1865 1436 1907 sacerdos?

280 1937 666 1988 Archicapellanus,
694 1937 941 1976 camel-arins
973 1946 1011 1976 et
1043 1951 1164 1978 cocus
1196 1939 1338 1988 almus,

280 2008 411 2047 Index
443 2010 625 2057 consilii,
658 2010 758 2060 quin
789 2008 918 2057 judex
962 2010 1071 2048 illius
1108 2013 1227 2061 antri,

282 2081 429 2119 Extitit
461 2080 607 2119 ericius
647 2080 848 2131 perplexo
879 2081 1030 2120 vellere
1061 2091 1189 2130 sutus,

281 2152 472 2205 Namque
503 2166 630 2204 super
666 2161 832 2191 cunctos
877 2167 1011 2193 nanus
1039 2154 1115 2193 suit
1149 2154 1224 2193 iste
1255 2152 1459 2204 sacerdos,

277 2226 523 2270 Indumenta
553 2224 671 2265 novis
701 2226 864 2263 texebat
894 2227 1058 2277 plumea
1088 2227 1193 2267 telis,

670 2298 794 2348 lupus
827 2298 965 2338 ericio.

282 2368 392 2406 ‘Post
421 2368 565 2407 horam
598 2377 753 2407 sextam
786 2378 904 2421 capto
937 2385 1034 2410 mox
1063 2371 1196 2410 tollito
1227 2371 1365 2418 vitam,

285 2435 409 2484 Quod
439 2440 553 2490 petiit
582 2441 680 2491 feci,
720 2455 814 2480 nam
845 2443 915 2482 vix
945 2443 1147 2495 promissa
1180 2442 1351 2494 replevi.

241 2605 312 2636 242
335 2603 450 2646 spolea
477 2604 516 2636 A.
589 2605 655 2636 251
686 2602 738 2636 hei
766 2605 805 2637 Α.
877 2606 947 2637 256
985 2604 1151 2645 fragmine
1177 2604 1217 2636 A.
1301 2604 1370 2637 257
1397 2601 1493 2636 nerse

242 2663 336 2699 'auch
361 2664 558 2699 scaudieren
584 2665 648 2699 soti
676 2669 746 2699 tuni
776 2676 862 2700 erre.
942 2667 1008 2698 261
1037 2666 1160 2698 stultos
1187 2667 1225 2698 A.
1373 2670 1379 2677 ¹
