1721 2938
238 88 322 128 :376
761 83 794 123 U
820 81 857 123 N
877 82 949 123 lB
967 83 1006 123 O
1029 82 1074 124 S.

544 232 702 271 ‘Donec
733 233 921 274 bibamus
952 234 1126 273 dulciter

541 304 587 342 In
634 312 761 345 tonna
792 305 927 346 dormi
956 305 1153 347 dulciter?

386 381 480 417 178.
539 376 642 416 Tres
688 379 881 419 festinant
910 379 961 418 ad
991 381 1139 432 pocula

540 448 719 487 Bibituri
748 465 847 502 prae
878 451 1038 491 camina

542 520 708 561 Sedent.
748 524 982 576 loquuntur
1010 523 1199 571 nimium,

543 592 699 633 Bibunt
731 595 873 634 vinum
906 595 1191 634 clarissimum.

385 667 476 703 179.
535 664 586 703 Et
625 680 715 705 cum
748 668 931 718 porcinis
960 667 1166 718 gregibus,

534 736 696 777 Sonore
729 740 1063 790 grunnientibus,

540 805 746 851 Subulcils
777 810 923 850 transit
954 812 1122 862 pervius

540 883 588 920 In
622 883 869 933 pharetratis
897 883 1083 921 renibus,

388 958 479 993 180.
538 954 649 992 Dum
681 968 830 1006 porcos
860 953 972 994 audit
1001 955 1155 993 unibos

544 1026 718 1065 Tonnae
759 1027 906 1066 fricare
943 1027 1133 1074 circulos,

539 1098 780 1138 Exclamat:
826 1098 1078 1148 ‘adversm-ii,

540 1169 629 1219 Ah,
675 1183 760 1209 non
790 1178 885 1209 sunt
914 1169 1048 1210 adhuc
1082 1169 1185 1209 ebrii
1200 1167 1224 1208 l’

384 1243 477 1279 181.
535 1241 692 1281 Horret
721 1243 919 1286 subulcus
950 1242 999 1282 de
1029 1256 1135 1283 sono

542 1313 746 1354 Unibovis
777 1314 1000 1365 incognito,

542 1386 629 1424 Vas
663 1400 868 1438 quernum
899 1386 1028 1438 tangit
1057 1387 1204 1425 baculo

536 1457 692 1497 Dicens
734 1459 895 1499 incluso
936 1459 1113 1498 misero:

385 1530 476 1565 182.
535 1528 628 1567 ‘Pro
664 1543 747 1582 quo
780 1532 942 1569 clausus
972 1544 1014 1569 es
1052 1529 1223 1568 crimine

540 1601 586 1639 In
619 1603 841 1653 apotheca,
884 1601 1041 1654 perdite
1053 1599 1084 1639 ’θ’

542 1673 740 1725 Prompte
771 1673 996 1725 respondet
1030 1674 1206 1713 unibos:

546 1745 752 1785 ‘Honores
783 1747 882 1785 nolo
921 1746 1140 1785 maximos.

391 1820 483 1855 183.
542 1818 677 1867 Hujus
708 1818 844 1858 coloni
879 1818 1036 1870 patriae

542 1890 613 1928 Me
642 1892 892 1942 compellunt
925 1888 1093 1936 cotidie,

542 1963 612 2000 Me
643 1964 829 2001 volentes
859 1961 1022 1999 efficere

540 2034 828 2086 Praepositum
859 2033 1082 2084 potentiae.

384 2107 473 2145 184.
532 2107 640 2157 Ergo
671 2119 882 2158 nunquam
916 2104 1179 2156 praepositus

536 2178 620 2217 Ero
654 2180 754 2217 meis
789 2178 1001 2225 aetatibus,

543 2249 650 2288 Nam
683 2250 835 2289 sufficit
868 2247 981 2302 quod
1011 2248 1146 2286 habeo

543 2321 737 2360 Honores
767 2321 882 2372 regni
912 2320 1074 2358 renuo.’

386 2396 480 2432 185.
543 2392 748 2433 Subulcus
779 2393 913 2445 inquit
952 2389 1145 2443 cupidus:

545 2466 628 2504 ‘Me
661 2464 777 2504 decet
817 2466 954 2505 honor
984 2463 1211 2510 maximus3

336 2622 414 2659 178,
441 2620 462 2651 4
497 2616 665 2652 vielleicht
687 2618 849 2660 jugitur?-
949 2619 1026 2653 179,
1052 2616 1074 2647 2
1108 2614 1239 2648 sonoris
1271 2613 1534 2656 grunnientium.
