1721 2938
231 111 312 154 172
491 111 532 153 R
547 110 584 153 U
602 111 641 154 O
657 110 697 152 D
715 111 749 152 L
767 111 783 152 1
803 110 837 151 E
857 110 890 152 Β
950 111 1100 165 fragm.
1123 110 1196 155 vl.
1217 111 1310 155 Vll.

367 263 519 302 Rector
548 262 603 300 ait
632 262 813 313 populo:
843 259 956 314 ‘quid
985 275 1171 312 agamus,
1198 260 1345 313 dicite,
1385 264 1513 314 Rufo,

229 340 308 376 120
351 334 434 383 Qui
445 335 576 373 scelus
587 334 664 373 hoc
674 334 877 385 geminum
892 330 1143 386 patratinter
1154 335 1572 387 nosgemebundumi'’

363 406 498 444 Rufus
526 404 667 454 judicii
699 412 833 445 certus
861 407 971 445 necis
1000 408 1198 448 ‘obsecro'
1233 406 1349 458 dixit,

366 477 442 516 Hic
476 477 609 517 habeo
642 479 853 527 comitem,
884 480 997 530 prius
1026 480 1135 518 hunc
1159 488 1298 519 curate
1328 478 1570 520 vocandum.

365 546 499 596 Quam
535 547 631 601 quid
678 549 719 587 in
756 548 819 588 his
849 550 978 602 culpis
1010 551 1288 591 ulciscendum
1318 551 1514 602 rogitetis,

365 619 468 671 Qui,
506 625 618 671 cnjus
647 622 806 672 generis
838 623 936 671 sim,
968 622 1056 675 quit
1086 631 1147 662 sat
1177 623 1311 663 dicere
1344 625 1490 664 vobis.'

229 696 306 732 125
365 692 530 732 Mittere
565 692 661 732 dum
688 703 781 745 post
813 696 923 733 huuc
955 698 1041 744 ejus
1073 693 1213 746 cupidi
1245 697 1479 743 voluerunt,

362 766 506 805 Militis
546 767 694 819 hospes
724 767 802 806 ait:
849 768 983 820 ‘quem
1011 781 1084 807 vos
1117 767 1240 807 vultis
1275 768 1377 808 citus
1409 776 1542 809 assuat.

365 839 452 877 Hac
481 853 639 879 mecum
669 847 787 879 nocte
817 841 992 889 mansit,
1023 838 1134 893 quod
1165 854 1248 880 non
1281 842 1357 880 fuit
1387 841 1490 881 iste?

366 912 497 959 Quem
531 911 628 951 dum
661 912 873 964 perduxit,
911 920 1081 952 stantem
1113 921 1249 951 rector
1277 915 1489 964 rogitavit:

370 984 488 1033 ⁴Dic,
519 985 632 1024 miles
663 999 833 1034 summe,
862 987 998 1025 socius
1030 992 1124 1024 tuus
1156 985 1229 1024 iste
1258 985 1322 1026 vir
1351 995 1411 1026 est
1450 986 1546 1026 11e'2'’

860 1191 952 1233 Vll,

78 1297 222 1332 sol.25³.
342 1265 449 1339 Qua
506 1313 517 1324 .
576 1314 586 1324 .

338 1359 510 1397 Parcere
542 1371 648 1410 quae
680 1357 808 1397 nescit
837 1358 991 1410 pariter
1021 1366 1188 1398 cunctos
1221 1357 1273 1397 do
1306 1387 1315 1398 .
1347 1388 1356 1399 .
1390 1387 1399 1398 .
1422 1389 1432 1399 .
1460 1389 1470 1399 .

338 1430 531 1479 Femina,
567 1444 672 1482 quae
702 1430 825 1468 lunae
859 1445 935 1482 par
963 1440 1022 1470 est
1059 1432 1100 1470 in
1134 1432 1234 1470 flore
1272 1431 1517 1485 juv[entae]‚

339 1503 420 1542 Par
449 1503 609 1542 vetulae
640 1502 781 1541 simiae
811 1502 855 1541 fit
884 1513 977 1554 post
1005 1512 1135 1542 aetate
1168 1512 1366 1552 senectae,

228 1583 252 1617 5
341 1575 468 1627 Rugis
501 1577 654 1614 sulcata
685 1575 824 1623 frons,
856 1589 961 1628 quae
993 1576 1070 1614 fuit
1109 1585 1226 1615 antea
1258 1577 1394 1628 plana,

340 1643 452 1688 Antev
478 1648 704 1687 columbini
731 1648 810 1686 sibi
840 1656 947 1687 stant
989 1649 1099 1688 oculi
1130 1647 1353 1701 [vitulini];

338 1723 538 1772 Degnttat
569 1733 692 1759 nasus
723 1719 866 1759 sordes
898 1721 1070 1759 nimium
1110 1722 1384 1760 muculentus.

338 1791 588 1845 Dependent
626 1792 779 1831 buccae
811 1790 1020 1844 quondam
1051 1791 1300 1843 pinguedine
1333 1791 1521 1845 [tensae].

343 1868 500 1905 Dentes
536 1866 705 1916 oblongi
750 1865 851 1903 moti
885 1873 990 1904 stant
1025 1873 1069 1903 ut
1108 1865 1270 1915 ruituri,

232 1945 283 1980 10
343 1941 422 1979 Per
452 1951 556 1991 quos
585 1939 724 1988 lingua
758 1938 869 1976 foras
900 1937 1015 1989 pellit
1044 1938 1218 1977 locitura
1242 1935 1463 1990 sa[bellas]‚

340 2010 390 2050 Et
421 2011 594 2049 verbum
626 2010 809 2061 profert,
849 2010 1017 2061 plenum
1048 2023 1120 2048 ceu
1151 2009 1316 2061 pollinis
1344 2008 1522 2062 o[vum].

344 2080 401 2122 Os
432 2091 470 2120 et
500 2082 681 2131 risibile,
707 2081 820 2135 quod
860 2083 1000 2135 plures
1031 2082 1155 2121 allicit
1183 2083 1223 2120 in
1256 2095 1312 2132 se,

342 2152 429 2192 Stat
446 2166 609 2204 semper
629 2154 814 2205 patulum
831 2183 840 2203 ,
860 2155 1060 2206 populum
1085 2162 1254 2202 terrere,
1276 2154 1341 2193 vel
1366 2151 1576 2203 [antrum]

338 2226 479 2278 thue
512 2234 773 2265 recurvatum
810 2227 1052 2278 resupinum
1086 2233 1166 2264 stat
1201 2225 1279 2263 sibi
1309 2222 1548 2275 [mentum]

231 2304 280 2339 15
340 2299 429 2339 Stat
449 2300 600 2339 collum
631 2299 777 2350 gracile
806 2297 1064 2350 deplumat-'ze
1096 2299 1214 2350 quasi
1244 2295 1412 2349 p[icae],

337 2372 533 2411 Extantes
566 2385 779 2419 mammae,
811 2374 891 2420 jam
925 2384 995 2409 ceu
1029 2370 1162 2409 trochi
1192 2370 1425 2417 tuberosae,

336 2444 486 2483 Molles
518 2452 561 2483 ut
592 2443 708 2494 fungi
736 2442 845 2482 succi
883 2440 1063 2493 pendent
1103 2440 1278 2480 vacuati.

341 2516 391 2554 Et
421 2517 536 2567 prius
569 2528 698 2568 usque
734 2522 846 2551 nates
886 2512 964 2551 sibi
1006 2512 1137 2551 crines
1169 2507 1458 2561 auricolore[s]

342 2586 525 2626 Pendeut
556 2586 761 2626 discretim
791 2584 959 2623 dorsum
995 2583 1173 2625 volando
1203 2580 1435 2634 pil[osum},

231 2664 283 2697 20
344 2659 493 2699 Extant
527 2658 745 2699 horribiles
780 2665 979 2698 terrentes
1010 2657 1271 2708 inspicientes
