1721 2938
217 91 300 134 274

718 88 1054 131 ECBASIS.

226 468 306 501 9Οο

226 827 306 864 905

229 1334 310 1370 910

229 1770 308 1806 915

231 2202 311 2238 920

362 244 464 292 Quis
495 244 608 283 siccis
640 243 790 282 reseret
820 243 949 282 oculis
983 244 1209 295 opprobria
1240 247 1396 296 mortis,

365 315 486 365 Quod
517 315 677 367 eapitur
704 313 897 355 dominus
929 316 1054 356 veluti
1087 316 1323 357 mitissimus
1352 333 1490 370 agnus,

364 388 566 428 Praesidis
597 387 646 427 ad
677 387 814 427 sedem
844 389 999 427 vitulus
1031 403 1102 428 ceu
1143 388 1289 430 ductus
1319 391 1369 431 ad
1402 391 1543 432 aram?

368 459 566 500 Caeditur
595 468 633 499 et
662 460 791 512 alapis
823 460 959 499 colafis
1008 461 1119 514 quod
1149 462 1340 520 conditor
1367 465 1492 514 orbis,

365 533 558 572 Afficitur
592 532 746 584 flagris,
787 534 1081 584 constringitur
1109 534 1292 588 undique
1325 537 1438 586 loriS‚

364 606 518 657 Spinea
553 605 619 644 cui
654 604 788 644 fertur
817 605 920 656 regis
951 619 1028 657 pro
1068 610 1158 656 jure
1189 622 1354 658 corona,

367 675 600 725 Tunditur,
634 676 858 727 expuitur,
890 675 1099 715 deluditur
1130 686 1252 730 atque
1283 688 1466 731 negatur,

366 750 519 789 Pocula
550 748 695 787 melliti
725 748 809 788 vini
842 761 942 787 mox
976 747 1073 787 dant
1100 749 1264 800 sitienti,

366 823 503 863 Clavis
534 822 722 870 confixo,
752 822 941 872 perfosso
978 821 1146 873 cuspide
1178 824 1358 864 Christo.

368 896 481 934 Haec
495 903 588 933 sunt
604 908 711 946 quae
728 901 911 933 nostram
928 896 1173 945 perturbant
1187 896 1369 949 undique
1380 900 1584 938 mentem.⁷

816 964 984 1017 pardus.

372 1039 570 1079 ‘Plurima
604 1046 665 1076 sat
693 1038 803 1090 passi
832 1037 1013 1077 tractasti
1041 1040 1214 1078 vulnera
1255 1038 1408 1078 Christi

364 1112 545 1159 Desine,
577 1104 893 1164 carajprecor,
932 1114 1013 1159 jam
1044 1109 1184 1151 desine
1213 1110 1388 1151 fundere
1423 1110 1555 1159 fletus,

369 1182 597 1222 Nobiscum
631 1179 763 1231 gaude
805 1180 1014 1232 depellens
1044 1183 1175 1222 tristia
1204 1182 1384 1235 plaude.'

777 1253 1029 1305 philomena.

371 1327 506 1368 ‘Nunc
538 1339 708 1379 precor,
740 1333 784 1364 ut
817 1324 952 1376 dicas,
983 1340 1056 1365 cur
1084 1341 1149 1365 me
1176 1327 1355 1378 gaudere
1382 1331 1582 1382 rogabas?

367 1399 489 1440 Unde
521 1399 670 1439 etenim
698 1398 804 1438 tristi
833 1397 1056 1450 persuades
1081 1413 1250 1451 parcere
1275 1401 1432 1442 menti?

365 1474 474 1513 Sunt
498 1472 599 1510 mihi
623 1472 730 1510 laeta
753 1471 933 1524 quidem,
963 1470 1034 1510 sed
1059 1480 1171 1512 tanto
1195 1472 1379 1524 pondere
1403 1483 1580 1516 mentem

366 1545 507 1585 Infero
545 1545 776 1594 lugentem,
819 1556 901 1596 quo
930 1557 994 1582 me
1027 1558 1100 1583 nec
1128 1544 1269 1585 vivere
1301 1548 1460 1599 vellem,

370 1618 542 1669 Saepius
574 1623 727 1668 exopto
759 1614 893 1666 gelido
926 1630 991 1655 me
1024 1616 1187 1656 tradere
1214 1619 1322 1659 leto?

819 1687 989 1740 pardus.

370 1765 543 1804 ‘Verum
574 1763 609 1801 si
638 1773 826 1812 possem,
857 1759 969 1814 quod
1002 1759 1127 1811 dicis,
1168 1762 1334 1803 credere
1365 1766 1523 1816 vellem,

368 1834 450 1875 Sed
480 1842 620 1888 pectus
650 1834 857 1873 lubricum
889 1834 1086 1886 quoniam
1115 1835 1222 1885 geris
1253 1837 1540 1889 inperfectum,

366 1907 515 1947 Proser
545 1919 756 1956 veracem,
788 1920 910 1959 quem
942 1907 1095 1958 possim
1130 1906 1295 1947 credere
1328 1912 1500 1950 testem?

778 1978 1031 2030 philomena.

369 2052 425 2092 Ut
459 2051 559 2105 quid
590 2052 682 2103 plus
711 2051 913 2100 referam,
961 2051 1027 2091 vel
1053 2052 1188 2091 secula
1218 2052 1341 2104 longa
1367 2055 1582 2095 retexam?

368 2125 464 2164 Non
479 2125 555 2164 tibi
577 2126 683 2163 laeta
711 2131 878 2162 manent
898 2122 1010 2175 quod
1026 2124 1141 2175 prius
1165 2126 1216 2163 ab
1247 2126 1411 2166 aethere
1426 2129 1582 2180 plastus

370 2198 519 2236 Pulsus
549 2196 754 2236 coelicolis
786 2196 938 2235 iterum
974 2198 1235 2247 conjungitur
1265 2199 1404 2247 almis;

372 2267 488 2317 Quae
519 2272 649 2318 majus
684 2283 704 2307 a
735 2269 855 2308 nobis
890 2268 1055 2307 tractari
1083 2268 1231 2323 gaudia
1261 2272 1409 2321 poscis,

372 2339 505 2388 Quam
538 2339 815 2392 paradisiacae
834 2338 1089 2390 panduntur
1127 2341 1269 2380 limina
1300 2345 1467 2393 portae.'

821 2410 991 2463 pardus.

375 2480 574 2543 ‘Sufficiat
603 2489 736 2522 tantas
765 2486 927 2533 jamjam
958 2484 1167 2523 terebrare
1206 2484 1414 2526 latebras!

784 2555 1035 2607 philomena.

369 2624 538 2665 ‘Desere
571 2624 778 2676 daedalei,
806 2629 887 2676 jam
921 2625 1062 2667 desere
1096 2627 1238 2667 limina
1269 2630 1387 2670 tecti)
