1721 2938
273 134 358 177 352

452 426 519 463 55.

449 713 518 749 56.

449 1003 516 1038 57.

447 1290 515 1326 58.

445 1577 513 1613 59.

447 1866 514 1900 60.

446 2146 514 2183 61.

445 2431 513 2467 62.

538 123 847 169 GALLUS
899 123 992 166 ET
1043 125 1370 169 VULPES.

569 275 692 325 Quod
723 277 756 315 si
786 276 845 315 sal
876 276 1102 324 evanuerit,

578 348 672 396 Quo
703 346 920 387 condiatur
951 346 1094 387 deerit.

579 422 776 460 Valemus
805 421 901 459 hinc
934 419 1205 472 perpendere,

574 493 662 532 Hos
691 505 811 544 posse
844 492 1084 543 fatuescere,

570 565 628 605 Ut
658 578 733 617 per
763 565 929 604 inanem
961 565 1135 616 gloriam

577 637 625 676 In
661 649 705 675 os
736 644 861 674 ruant
889 636 1134 675 Leviathan.

575 708 622 746 In
659 707 799 746 fabula
834 704 1135 758 descripsimus,

579 779 743 819 Gallum
788 779 887 817 ferri
918 777 1156 826 verticibus,

570 851 680 890 Dein
713 850 858 889 clausis
892 850 1120 889 luminibus

568 925 811 963 Immersum
844 923 980 974 vulpis
1012 922 1214 961 faucibus,

572 995 767 1046 Signatur
797 995 840 1033 in
872 995 1092 1047 vulpecula

569 1067 792 1106 Insidiator
827 1066 1044 1116 Sassmnas,

579 1138 684 1189 Qui,
725 1153 829 1192 quos
861 1140 1004 1192 nequit
1033 1138 1231 1191 potentia,

577 1212 824 1263 Supplantat
855 1211 1146 1251 fraudulentia.

575 1283 652 1321 Hic
682 1283 788 1332 gallo
822 1281 1131 1334 dampnatitiam

568 1354 724 1395 Suadet
752 1355 888 1406 primo
920 1353 1168 1404 jactantiam,

573 1430 671 1467 Post
702 1440 778 1478 per
816 1435 975 1466 rotatus
1008 1425 1145 1478 inpios

567 1499 667 1548 Ejus
698 1499 861 1538 obvelat
891 1501 1048 1538 oculos.

569 1570 690 1609 ‘Nam
719 1570 847 1621 inpii7’
886 1570 1229 1621 psalmigraphus,

576 1642 819 1681 ‘Ambulant
848 1641 892 1679 in
926 1642 1111 1690 circuitu,

569 1714 621 1753 Et
648 1715 924 1753 obscurantur
955 1712 1076 1761 oculi,

563 1786 628 1825 Ne
659 1785 864 1834 videant?
895 1785 1129 1824 subintulit.

571 1859 675 1898 Ecce
707 1872 804 1907 vae,
839 1856 953 1910 quod
985 1855 1265 1909 promisimus,

575 1926 894 1976 Quodammodo
925 1941 1036 1966 nunc
1065 1925 1273 1979 panditur,

565 1998 671 2038 Nam
704 2011 868 2037 carmen
899 2005 994 2050 post
1021 1997 1239 2036 laetificum

566 2069 705 2108 Homo
736 2067 842 2108 cadit
870 2068 913 2107 in
944 2071 1174 2109 baratrum.

573 2139 655 2180 Sed
688 2148 782 2179 ante
815 2155 940 2194 quam
986 2141 1161 2181 inferitis

571 2212 837 2263 Deglutiatur
878 2213 1057 2266 penitus,

573 2284 771 2323 Divinam
805 2286 887 2336 'per
926 2284 1185 2323 clementiam

568 2353 667 2393 Exit
696 2368 768 2394 ora
796 2354 1041 2394 Leviathan.

571 2425 699 2476 Cujus
731 2426 942 2465 maxillam
974 2427 1160 2477 perforat

569 2499 643 2538 Ille
674 2498 746 2551 qui
774 2499 897 2538 hamo
928 2498 1165 2549 strangulat,

564 2572 600 2611 A
631 2574 744 2620 cujus
773 2572 903 2610 saevis
934 2569 1126 2625 dentibus

563 2645 710 2684 Petrus
740 2652 908 2694 negator
949 2642 1141 2682 trahitur.
