1721 2938
232 128 317 169 256
743 122 1071 165 ECBASIS,

236 286 316 321 390
374 280 438 319 Ne
469 279 618 317 feriant
646 278 792 328 jacula,
823 291 929 331 quae
960 289 1152 329 praesens
1184 277 1327 317 concio
1357 278 1503 326 vibrat,

374 354 541 392 Discere
570 351 833 404 percupimus
867 351 1041 390 celatum
1085 348 1197 404 quod
1227 350 1327 388 latet
1354 350 1496 389 ulcus.’

842 464 979 515 lupus.

385 521 661 590 ‘Tempore‚
693 550 774 590 quo
806 551 921 588 reges
951 536 1110 576 vadunt
1141 535 1190 575 ad
1221 536 1327 575 bella
1355 535 1524 582 feroces,

375 614 562 653 Renibus
593 613 636 651 in
667 611 777 651 silvis
808 620 1028 665 torquetur
1060 612 1141 652 vita
1170 611 1315 652 leonis.

375 687 500 726 Forte
531 685 608 723 fuit
640 698 773 734 causa,
806 684 998 724 decaniae
1030 685 1117 735 lege
1147 691 1323 735 recepta,

237 765 316 801 305
377 760 548 798 Attavus
579 757 763 807 eligitur,
796 758 1042 796 camerarius
1071 757 1138 795 ille
1175 763 1355 804 notatur,

378 830 487 870 Exiit
523 828 724 878 edictum,
767 830 893 868 silvae
925 831 1009 867 fera
1047 835 1185 867 currat
1214 826 1262 867 at]
1296 834 1471 874 antrum,

379 903 545 953 Aegroti
574 900 768 940 membris
800 910 991 954 apportet
1032 915 1219 955 quaeque
1251 901 1403 941 salutis.

378 974 533 1016 Omnes
564 974 645 1011 huc
675 981 924 1025 properant,
969 974 1128 1011 nullum
1161 972 1282 1011 vitale
1313 970 1555 1019 ministrant,

377 1046 497 1095 Quod
529 1045 659 1097 prosit
688 1045 834 1095 capiti,
866 1044 998 1092 cruri,
1038 1044 1252 1097 ventrique
1282 1042 1473 1097 pedique.

240 1125 321 1161 400
378 1121 448 1159 Est
479 1117 557 1156 sibi
592 1117 876 1165 commissum,
907 1125 1094 1168 peragret
1125 1116 1330 1156 consortia
1360 1117 1558 1166 fratrum3

384 1194 444 1232 An
478 1191 569 1244 quis
604 1186 791 1227 deficiat?
840 1190 984 1228 crebro
1027 1188 1288 1228 meditamine
1317 1198 1476 1241 pensat.

384 1266 543 1304 Absunt
574 1276 595 1299 a
624 1262 794 1313 reliquis
826 1270 965 1301 cautae
996 1261 1265 1300 medicamina
1295 1262 1446 1313 vulpis.

381 1337 565 1376 Auribus
599 1335 699 1372 haec
737 1334 842 1385 regis
874 1348 972 1373 mox
1003 1334 1128 1372 insert
1165 1332 1332 1372 sedulus
1362 1333 1504 1383 hostis,

382 1410 459 1449 His
490 1411 632 1460 pej0ra
662 1414 781 1445 sonat
810 1404 912 1445 iliud
945 1404 1056 1459 quod
1086 1404 1248 1445 tradere
1281 1414 1464 1459 quaerat.

244 1490 325 1526 405
385 1485 566 1533 Imperat
600 1487 813 1530 aegrotus»,
855 1478 1091 1532 quicunque
1126 1485 1185 1518 est
1214 1476 1319 1516 fidus
1354 1478 1519 1527 amicus,

382 1554 440 1595 Ut
470 1553 636 1604 vulpem
669 1551 822 1603 capiat,
854 1550 1107 1590 membratim
1142 1550 1323 1587 membra
1353 1549 1546 1590 resolvat.

386 1630 556 1668 Attavus
588 1632 632 1662 ut
665 1623 790 1672 novit,
822 1623 1025 1662 cruciatus
1057 1621 1160 1660 mira
1187 1621 1382 1674 requirit:

386 1702 548 1740 Arbore
580 1696 629 1736 de
660 1696 763 1735 celsa
809 1694 924 1747 vulpi
957 1707 1057 1732 crux
1086 1692 1219 1745 figitur
1260 1695 1352 1733 alta.

391 1768 615 1810 Condoluit
646 1764 798 1820 pardus
840 1765 1086 1805 confratrem
1118 1762 1166 1803 de
1197 1778 1316 1816 grege
1347 1764 1469 1814 solus,

247 1852 328 1887 410
390 1838 703 1895 Conprehendit
735 1852 922 1887 cursum,
963 1836 1068 1888 regis
1099 1835 1342 1889 depromere
1370 1840 1538 1886 jussum.

388 1913 534 1956 Finitis
565 1909 703 1951 stadiis
739 1909 973 1963 quingenfis
1006 1916 1130 1962 atque
1160 1907 1326 1957 vicenis,

388 1987 476 2025 Jam
508 1997 638 2037 prope
670 1981 906 2022 lassescenti
939 1988 1175 2021 occurrerat
1205 1978 1326 2019 obvia
1353 1980 1507 2031 vulpes,

390 2056 508 2105 Quae
541 2053 643 2094 vidit
673 2054 835 2102 recitat,
873 2053 1075 2092 cruciatus
1105 2065 1179 2091 nec
1222 2064 1389 2105 quoque
1428 2050 1543 2093 celat.

389 2129 445 2169 Ut
480 2141 585 2166 nova
617 2127 818 2179 suscepit,
850 2125 1005 2178 palmas
1037 2132 1234 2178 utrasque
1263 2122 1448 2174 tetendit,

252 2208 333 2244 415
393 2202 485 2241 Alsa
514 2199 614 2252 petit
641 2198 763 2237 simul
793 2213 843 2248 ω,
892 2205 1098 2237 tormento
1132 2198 1264 2237 solvat
1294 2197 1344 2235 ab
1374 2197 1447 2237 illo

390 2272 441 2310 Et
479 2284 584 2324 quae
615 2283 711 2309 vera
743 2271 854 2321 cupit
883 2268 1100 2309 subridens
1130 2268 1244 2307 irrita
1277 2267 1403 2318 fingit.

398 2345 510 2383 Haec
542 2339 715 2394 pardum
748 2341 890 2388 satiat,
936 2341 1177 2380 trevirensia
1208 2339 1302 2379 vina
1336 2338 1543 2392 propinat.

393 2416 450 2457 Ut
479 2417 584 2454 bene
613 2421 708 2453 sunt
742 2411 906 2465 pransi,
945 2411 1194 2452 benedicunt
1229 2410 1515 2463 omnipotenti,

395 2489 500 2528 Nam
532 2484 738 2525 modicum
770 2492 966 2537 pausant,
997 2492 1034 2524 et
1065 2488 1172 2533 jussa
1204 2483 1363 2524 silentia
1395 2491 1557 2524 servant

351 2632 420 2663 400
445 2633 497 2662 est
523 2627 567 2661 ibi
594 2628 632 2660 A.
660 2625 723 2658 sibi
753 2627 905 2657 vei-mute
932 2622 994 2658 ich.
1093 2625 1162 2657 412
1200 2621 1382 2655 lassessens
1410 2624 1447 2656 A.
