1721 2938
214 104 297 147 186
451 105 492 147 R
506 105 547 148 U
563 105 602 147 o
618 105 658 147 D
675 105 711 147 L
727 105 746 147 1
760 105 797 146 Ε
812 104 849 146 Β
907 104 1058 161 fragm.
1073 104 1190 149 xm.
1211 106 1326 152 xlv.

212 335 266 369 90
328 360 337 370 .
399 359 408 369 .
467 359 477 369 .
536 358 545 367 .
606 359 616 368 .
676 357 686 368 .
745 359 757 368 .
814 358 824 368 .
885 359 1236 373 ......

529 430 539 441 .
597 403 628 441 it
658 415 701 441 se
732 400 1066 453 discaligandum.

320 475 393 513 llle
422 474 684 525 ligaminibus
714 473 763 514 de
793 475 944 514 Lukka
973 488 1094 513 crura
1125 474 1320 527 coemptis

319 575 329 586 .
388 558 424 586 .“
459 573 745 588 .....
806 561 874 587 cca
903 546 980 586 sibi
1023 545 1215 586 fluitaret.

317 620 453 673 Atque
480 632 605 671 super
631 619 800 672 pedules
830 633 872 659 se
905 620 1102 658 calceolos
1131 618 1324 659 sericatos

208 695 260 730 95
321 719 331 730 .
391 718 401 729 .
458 718 468 729 .
529 718 540 729 .
597 719 608 730 .
667 719 677 730 .
738 719 748 730 .
805 691 911 731 inxit
951 691 1151 731 sericosis.

318 762 572 801 contribulis
602 765 754 803 rubeos
787 777 926 803 soccos
956 766 1032 803 sub
1064 764 1339 804 curduanellis

736 862 746 872 .
805 844 965 887 gestans
996 837 1194 888 operosis,

318 906 452 944 Ambo
482 906 666 956 ligaturis
697 906 911 956 conjunxit
942 920 1061 944 crura
1092 907 1276 956 gemellis

316 1003 735 1017 .......
795 985 890 1015 sunt
923 976 1103 1027 margine
1141 984 1310 1016 cunctae

208 1051 286 1085 100
318 1047 353 1085 A
383 1047 533 1100 quibus
564 1057 601 1088 et
631 1048 782 1087 multae
813 1047 1047 1100 dependent
1076 1047 1262 1102 undique
1303 1050 1440 1089 bullae

748 1149 758 1159 .
816 1121 950 1159 luerat
978 1121 1224 1161 varicosum.

322 1195 426 1234 Prae
457 1194 523 1235 vel
548 1202 642 1245 post
671 1193 810 1232 fissum
840 1193 907 1233 vel
940 1193 1260 1247 circumquaque
1289 1196 1471 1246 gulatum

386 1293 742 1304 ......
800 1264 910 1302 inam
941 1265 1137 1316 ponendo
1179 1267 1429 1318 profundam

322 1338 450 1378 Fibro
480 1337 690 1375 limbatam
722 1336 806 1374 lato
838 1336 959 1373 nimis
990 1344 1111 1388 atque
1141 1338 1291 1387 nigello

208 1415 287 1450 105
319 1435 748 1450 .......
807 1406 978 1447 donavit
1008 1406 1216 1458 digitalem

325 1480 390 1521 Ad
420 1480 635 1519 minimum
665 1478 833 1530 digitum
864 1480 969 1518 bene
1001 1481 1071 1519 vix
1115 1488 1200 1518 tum
1240 1481 1549 1521 convenientem

319 1579 748 1592 .......
806 1551 1026 1589 interulam
1057 1552 1161 1590 male
1190 1552 1317 1591 lotam

318 1625 477 1664 Mantel
507 1622 763 1664 mardrinum
792 1623 908 1661 senio
941 1621 1174 1675 sudoreque
1210 1624 1372 1666 fuscum

527 1722 538 1733 .
598 1707 652 1733 ox
685 1692 735 1731 ad
766 1692 952 1733 dominas
982 1692 1251 1743 repedabant.

324 1766 438 1815 Quas
463 1765 514 1806 ad
544 1766 745 1806 cancellos
777 1766 1026 1805 invenerunt
1056 1766 1310 1817 speculantes

820 2029 933 2072 XIV.

50 2122 224 2160 sol-302.1
320 2121 345 2158 ‘.
404 2149 414 2159 .
473 2149 483 2160 .
543 2146 553 2157 .
614 2145 624 2156 .
684 2148 694 2158 .
753 2148 764 2158 .
823 2148 834 2158 .
895 2148 905 2158 .
964 2147 976 2158 .
1032 2147 1042 2157 .
1101 2118 1223 2159 credo
1259 2120 1399 2160 v'enire

315 2189 492 2238 Quidam
520 2191 717 2230 karorum
747 2191 879 2231 nostri
907 2191 1322 2241 consanguineorum,

317 2262 399 2312 Qui
432 2261 599 2315 quando
627 2262 819 2311 veniant,
848 2263 935 2301 haec
967 2262 1063 2300 dum
1095 2262 1338 2312 firmentur,
1367 2263 1426 2302 ibi
1454 2265 1548 2303 sint.

317 2336 378 2376 Ad
409 2348 483 2375 vos
512 2348 622 2373 nuuc
647 2334 758 2372 illam
788 2347 861 2373 vos
891 2333 1063 2372 invitate
1093 2336 1286 2386 puellam,

201 2418 223 2450 5
311 2408 451 2447 Vestri
483 2420 721 2446 communes
751 2405 916 2446 veniant
946 2406 1155 2458 utrimque
1184 2405 1351 2445 fideles?

319 2481 402 2529 Qui
432 2493 524 2519 cum
554 2479 785 2527 venissent,
812 2479 918 2518 hauc
947 2478 991 2517 hi
1021 2479 1257 2531 circumque
1288 2478 1503 2526 stetissent,

315 2553 452 2592 Curtia
482 2551 709 2591 amicorum
739 2551 817 2590 cito
850 2551 974 2603 plena
1001 2549 1046 2589 fit
1077 2550 1384 2591 advenientum.

315 2625 428 2674 Quos
459 2623 633 2665 Rbdlieb
663 2625 768 2665 bene
803 2625 1002 2678 suscepit,
1032 2624 1188 2679 quibus
1207 2625 1345 2664 oscula
1367 2623 1545 2677 praebet,
