1721 2938
560 104 1060 151 WAL'PHAthJs.
1433 103 1487 144 37

140 274 247 308 1000
307 266 388 306 Sed
418 275 554 305 tamen
587 266 651 304 hic
684 265 790 303 intra
822 263 934 304 velut
977 260 1146 300 aescilus
1186 259 1308 297 astitit
1339 259 1484 305 heros,

302 338 417 388 Quae
434 353 519 379 non
545 339 636 390 plus
658 337 757 388 petit·
777 344 883 374 astra
901 334 1024 374 comis
1042 346 1165 385 quam
1184 339 1337 370 tartara
1359 329 1484 376 fibris,

302 412 609 463 Contempnens
641 422 781 448 omnes
812 415 1032 446 ventorum
1063 405 1230 442 immota
1262 404 1455 453 fragores.

302 483 525 522 Certabant
552 482 689 519 hostes
722 479 1078 529 hortabanturque
1110 476 1286 522 viritim,

300 554 359 594 Ut
390 555 423 593 si
453 567 538 593 non
568 552 735 605 quirent
766 551 900 601 ipsum
934 547 1152 586 detrudere
1184 546 1236 586 ad
1266 559 1433 594 arvum,

135 630 241 665 1005
299 625 517 664 Munimen
551 623 673 675 clipei
701 624 841 661 saltem
870 628 1120 671 extorquere
1152 616 1385 666 studerent,

300 696 394 745 Quo
427 696 593 748 dempto
625 697 743 736 vivus
778 694 894 732 facile
929 698 1147 743 caperetur
1179 690 1228 727 ab
1257 689 1369 740 ipsis.

237 754 436 811 Nomina
467 785 572 823 quae
600 778 754 809 restant
786 768 961 817 edicam3
999 770 1163 817 jamque
1193 764 1428 802 trahentum

299 847 448 887 Nonus
477 847 673 885 Eleuther
704 852 812 891 erat,
846 839 1054 880 Helmnod
1074 838 1316 889 cognomine
1340 838 1484 876 dictus.

296 919 521 970 Argentina
550 917 713 970 quidem
747 914 949 954 decimum
981 911 1078 951 dant
1108 910 1261 962 oppida
1288 911 1482 960 Trogum,

132 993 240 1028 1010
298 989 457 1029 Extulit
488 989 749 1028 undecimum
779 987 940 1038 pollens
969 985 1067 1023 urbs
1099 983 1220 1034 Spira
1245 983 1481 1029 Tantistum,

297 1062 466 1114 Absque
486 1062 725 1112 Haganone,
755 1061 890 1098 locum
913 1057 1118 1109 supplevit
1138 1069 1212 1093 rex
1233 1053 1485 1093 duodenum.

299 1131 489 1180 Quatuor
520 1133 563 1170 hi
594 1130 810 1169 adversum
843 1129 1011 1167 summis
1045 1126 1258 1166 conatibus
1291 1139 1419 1164 unum

302 1204 573 1243 Contendunt
602 1204 755 1255 pariter
782 1202 912 1240 multo
945 1199 1144 1252 varioque
1176 1198 1368 1237 tumultu.

261 1262 439 1319 Interea
467 1276 685 1329 Alpharidi
713 1291 844 1317 vanus
874 1277 993 1314 labor
1026 1274 1172 1313 incutit
1199 1274 1316 1312 iram.

133 1359 239 1395 1015
300 1354 383 1401 Qui
409 1355 507 1406 quia
535 1356 616 1402 jam
650 1351 809 1404 pridem
840 1350 1010 1390 nudavit
1040 1348 1193 1388 casside
1227 1349 1424 1395 frontem,

295 1427 341 1464 In
375 1426 533 1463 framea
563 1424 784 1475 tunicaque
816 1423 937 1461 simul
968 1421 1145 1460 confisus
1177 1424 1302 1467 aena,

297 1495 445 1537 Omisit
475 1508 684 1547 parmam,
715 1494 977 1546 primumque
1008 1492 1156 1531 invasit
1184 1489 1427 1529 Eleuffirim.

297 1568 404 1608 Huic
431 1568 585 1618 galeam
617 1565 777 1606 findens
812 1566 1023 1604 cerebrum
1061 1561 1244 1609 diffudit,
1287 1568 1324 1598 et
1353 1561 1481 1611 ipsam

299 1640 510 1679 Cervicem
540 1651 728 1677 resecans
759 1646 899 1689 pectus
930 1636 1148 1688 patefecit3
1188 1642 1227 1672 at
1259 1645 1423 1683 aegrum

133 1718 240 1753 1020
299 1712 384 1752 Cor
412 1712 580 1764 pulsans
611 1710 787 1748 animam
807 1710 986 1761 liquerat
1006 1720 1106 1746 mox
1137 1715 1259 1759 atque
1291 1705 1482 1743 calorem.

263 1768 380 1826 Inde
415 1786 516 1838 petit
547 1785 730 1835 Trogum
760 1785 998 1822 haerentem
1031 1783 1074 1820 in
1098 1782 1198 1820 fune
1229 1777 1426 1818 nefando.

300 1860 383 1908 Qui
414 1860 549 1899 subito
581 1860 780 1899 attonitus
811 1857 1028 1897 recidentis
1062 1864 1195 1894 morte
1226 1853 1399 1902 sodalis,

296 1932 584 1983 Horribilique
614 1931 744 1971 hostis
777 1938 999 1982 conspectu
1032 1934 1221 1978 coeperat
1252 1938 1384 1964 acrem

298 2003 607 2054 Necquicquam
634 2011 833 2054 temptare
865 2003 1026 2052 sugam,
1066 1999 1282 2050 voluitque
1312 1997 1453 2035 relicta

134 2080 240 2115 1025
299 2076 423 2114 Arma
454 2075 714 2124 recolligere,
752 2082 796 2112 ut
824 2088 989 2112 rursum
1020 2080 1230 2124 repararet
1261 2082 1444 2121 agonem.

296 2147 404 2186 Nam
437 2148 572 2185 cuncti
604 2147 745 2184 funem
777 2147 946 2184 tracturi
977 2145 1259 2196 deposuerunt
1308 2173 1312 2176 .

301 2220 451 2258 Hastas
483 2233 574 2258 cum
596 2219 748 2270 clipeis.
808 2217 877 2256 sed
910 2226 1065 2270 quanto
1092 2216 1296 2254 maximus
1329 2213 1452 2251 heros

225 2350 318 2379 1000
343 2346 404 2379 llos
428 2348 516 2380 inter
540 2347 568 2379 Ι.
642 2348 730 2379 1001
760 2347 816 2389 qui
843 2347 882 2380 C.
959 2347 1051 2378 1004
1076 2343 1255 2386 nequirent
1280 2340 1319 2373 C.
1390 2339 1482 2369 1008

131 2409 260 2441 eleuter
294 2410 332 2442 A.
357 2408 396 2441 C.
438 2407 580 2440 eleuthir
608 2407 646 2440 B.
693 2407 848 2440 lneimnod
877 2408 916 2441 A.
959 2405 1081 2438 helnod
1107 2405 1133 2437 1.
1218 2404 1309 2435 1009
1342 2400 1478 2439 trogunt

131 2470 172 2501 A.
193 2468 232 2499 C.
306 2471 395 2499 1011
423 2478 483 2500 rex
509 2468 681 2510 suppleuit
707 2468 749 2502 Β.
767 2468 794 2500 Ι.
868 2468 959 2499 1014
990 2466 1101 2498 intulit
1125 2464 1164 2497 C.
1239 2464 1329 2494 1015
1363 2464 1398 2492 et
1423 2460 1479 2501 qui

131 2530 196 2561 iam
223 2528 262 2561 A.
284 2528 309 2561 1.
360 2531 452 2560 1015
477 2529 631 2561 naidarat
657 2528 696 2561 B.
718 2528 862 2561 nudarat
876 2530 916 2561 Α.
965 2529 1056 2558 1017
1083 2524 1218 2558 obmisit
1241 2522 1279 2554 C.
1314 2521 1479 2552 eleutrum

132 2591 172 2622 A.
211 2586 376 2620 eleutrhin
401 2587 443 2619 B.
484 2587 627 2620 eleutrin
656 2589 682 2622 Ι.
722 2589 876 2622 eleutrim
905 2587 944 2619 C.
966 2585 1008 2619 E.
1091 2587 1177 2616 1021
1212 2585 1351 2624 trogunt
1378 2583 1415 2614 Α.
1441 2580 1481 2617 Ο,

131 2648 293 2692 trogciunt
318 2647 360 2681 E.
438 2649 529 2680 1022
553 2647 663 2680 subita
691 2649 728 2680 C.
807 2650 894 2680 1025
921 2645 1086 2688 begonem
1113 2644 1154 2677 B.
