1721 2938
400 120 704 164 GALLUS
754 122 854 165 ΕΤ
893 122 1215 167 VULPES.

307 277 374 312 30.
433 273 506 312 Illa
536 273 749 313 confestim
780 276 972 324 substitit,

427 344 593 384 Pullum
624 346 666 384 in
711 353 822 384 terra
864 347 1016 398 posuit,

431 415 587 455 Contra
617 417 762 468 vulgus
795 418 1019 458 revertitur

432 487 482 526 Et
513 488 609 539 galli
639 491 766 528 verba
806 489 1007 542 loquitur.

305 562 372 599 31.
428 560 480 600 At
510 560 579 598 ille
612 574 781 611 surgens
823 568 1033 612 properat,

427 633 479 672 Et
508 631 662 685 plausis
703 633 776 672 alis
809 633 988 682 abvolat,

428 704 529 745 Post
564 718 685 758 quem
716 706 861 757 vulpes
889 706 1100 757 accelerat,

426 776 508 816 Sed
539 791 678 830 penna
717 776 864 829 pedem
897 789 1076 830 superat.

304 853 371 890 32.
429 848 538 887 Hinc
568 847 780 900 indignata
812 848 971 889 duriter

431 920 543 960 Fixit
575 920 748 972 gradum
790 923 989 972 celeriter,

426 992 576 1046 Sicque
607 999 744 1032 mente
774 994 968 1033 malivola

425 1065 647 1118 Intorquet
672 1065 990 1117 imprecamina:

303 1142 371 1177 33.
427 1138 631 1176 ‘Incurrat
658 1137 799 1188 lingua
836 1138 1045 1190 pustulas,

425 1206 561 1256 Quam
600 1208 784 1260 possidet
823 1210 1073 1263 loquacitas,

423 1279 528 1319 Cum
558 1289 618 1320 est
652 1279 927 1333 dampnosum
956 1281 1151 1334 proloqui

425 1351 574 1405 Neque
604 1353 660 1392 sie
689 1354 795 1393 valet
832 1353 1075 1406 comprimi?

305 1425 373 1464 34.
430 1425 536 1467 ‘Has
559 1424 772 1464 incurrant
802 1434 839 1465 et
882 1427 1016 1477 oculi,’

430 1496 573 1535 Gallus
604 1510 625 1534 e
659 1505 804 1536 contra
832 1497 1024 1546 reddidit,

427 1566 524 1616 ‘Qui
554 1575 700 1620 sponte
739 1576 866 1608 semet
897 1569 1102 1619 occulunt,

430 1639 536 1679 Cum
566 1639 752 1680 imminet
779 1640 1051 1692 periculuml’

292 1721 357 1757 35.
386 1693 488 1753 Jam
518 1728 595 1754 nos
624 1728 866 1767 spernamus
896 1716 979 1756 otia

427 1787 604 1825 Prorsus
634 1786 738 1825 nulli
772 1785 971 1838 proficua.

429 1857 591 1906 Quibus
624 1872 707 1897 non
741 1867 828 1909 eget
858 1860 1023 1911 veritas,

429 1930 546 1979 Quae
576 1930 801 1970 detestatur
843 1931 1018 1972 fabulas.

305 2008 373 2043 36.
430 2003 609 2043 Severus
647 2001 778 2051 judex
811 2002 980 2055 ingruit,

431 2073 575 2115 Otiosa
615 2073 837 2125 redarguit.

429 2145 542 2184 Haec
581 2144 748 2195 eadem,
792 2159 897 2198 quae
928 2144 1178 2199 scripsimus,

436 2216 647 2255 Mutemus
678 2217 935 2255 melioribus.

307 2290 373 2328 37.
432 2286 498 2326 Sic
530 2287 685 2339 quippe
726 2287 987 2326 Babiloniam

431 2358 634 2410 Cogemus
668 2357 719 2397 ad
753 2359 974 2409 angariam,

436 2429 542 2469 Cum
574 2431 691 2470 tollet
718 2432 830 2483 pacis
867 2431 986 2480 visio,

434 2497 550 2547 Quae
580 2500 741 2552 peperit
769 2501 972 2542 confusio.

224 2650 281 2689 35,
309 2651 324 2681 1
353 2649 428 2683 Jam
456 2659 532 2683 non.

1395 124 1480 168 349
