1721 2938
165 281 216 316 75

159 645 211 678 80

158 1004 210 1039 85

159 1362 211 1397 90

155 1724 207 1761 95

156 2658 179 2692 5

402 117 442 160 R
463 115 496 160 U
516 117 554 159 Ο
574 116 612 158 D
630 116 701 158 LI
717 116 754 158 Ε
772 117 807 159 ss
869 116 1020 173 fragm.
1044 118 1158 162 xlv.
1181 118 1273 162 XV.
1427 123 1508 167 189

276 274 409 325 Quam
441 276 490 315 de
523 289 564 315 se
597 284 800 328 sumptam
831 289 922 314 cum
952 277 1279 328 proclamaverat
1309 274 1452 325 Adam,

275 349 374 399 Dic,
412 350 485 388 ubi
512 362 723 388 concessas
754 349 872 387 binas
907 348 985 387 sibi
1023 349 1168 399 legeris
1196 346 1335 388 Evas?

273 422 377 462 Cum
407 422 710 469 meretricares‚
742 433 872 458 essem
902 428 1084 459 scortum
1109 420 1184 459 tibi
1214 419 1370 462 velles?

272 494 411 542 Absit,
442 501 487 532 ut
516 493 594 531 hoc
622 499 743 544 pacto
773 492 849 530 tibi
877 495 1037 544 jungar.
1092 491 1217 543 vade,
1247 495 1395 544 valeto,

269 566 321 606 Et
350 573 749 619 quantumcumque,
789 572 992 613 scortare‚
1024 565 1145 613 velis,
1176 565 1264 606 sine
1295 566 1365 607 sed
1396 583 1476 609 me.

270 639 352 679 Tot
390 647 486 678 sunt
524 639 566 677 in
607 636 761 677 mundo
793 637 868 676 tibi
898 650 970 675 ceu
1002 650 1086 689 quo
1119 645 1199 676 tam
1230 640 1334 679 bene
1366 644 1509 682 nubo.’

271 710 338 750 Sic
369 711 506 751 dicens
536 709 715 761 gladium
751 710 829 748 sibi
856 710 1034 762 liquerat
1068 717 1108 748 et
1142 708 1360 761 digitalem.

272 782 351 822 Cui
381 782 484 822 dixit
512 783 700 833 juvenis:
732 782 839 830 ‘fiat‚
873 780 1037 831 dilecta,
1068 783 1181 822 velut
1209 782 1286 823 vis.

273 855 483 908 Umquam
515 856 549 894 si
577 855 744 903 faciam,
774 854 849 893 tibi
880 868 986 906 quae
1017 853 1168 894 dedero
1194 856 1304 895 bona
1321 855 1509 908 perdam,

268 928 388 968 Istius
420 928 561 980 capitis
602 925 951 979 abscindendique
983 935 1131 979 potens
1162 928 1242 967 sis.'

271 999 388 1049 Quae
423 999 628 1040 modicum
659 998 797 1038 ridens
829 999 880 1038 ad
916 1013 1009 1038 eum
1040 1013 1209 1053 seseque
1242 1009 1451 1041 revertens

271 1073 435 1125 Inquit:
477 1073 536 1111 ‘ea
566 1072 651 1122 lege
681 1071 806 1110 modo
838 1074 1058 1123 jungamur
1089 1072 1177 1110 sine
1213 1071 1384 1112 fraude.’

274 1146 408 1195 Hujus
443 1145 588 1184 ‘amen'
617 1143 719 1183 dixit
750 1157 900 1195 procus
932 1153 969 1183 et
1004 1146 1082 1183 sibi
1112 1146 1226 1183 basia
1255 1145 1359 1194 fixit,

274 1218 349 1256 His
380 1219 437 1256 ita
467 1217 696 1266 conjunctis
728 1217 860 1255 enesis
887 1215 932 1255 fit
960 1217 1137 1255 maxima
1179 1218 1321 1269 plebis,

266 1286 503 1328 Laudantes
535 1288 747 1327 dominum
778 1288 1037 1327 cantizabant
1066 1289 1357 1340 hymenaeum.

271 1358 437 1397 Rotlieb
480 1359 685 1411 pellicium
720 1358 888 1397 dederat
916 1360 1021 1398 bene
1055 1358 1172 1399 valde
1202 1360 1384 1410 gulatum

271 1429 457 1482 Sponso,
493 1432 559 1470 vel
591 1431 794 1469 crusinam
826 1431 954 1470 limbo
986 1440 1119 1470 terrae
1151 1430 1431 1482 crepitantem.

267 1504 353 1543 Dat
384 1512 422 1542 et
452 1517 604 1556 equum
635 1504 808 1542 celerem
840 1503 918 1542 sibi
950 1512 1110 1555 compte
1141 1511 1201 1542 sat
1235 1504 1466 1546 faleratum.

266 1576 462 1615 Munerat
493 1584 530 1614 et
561 1588 737 1627 sponsae
770 1577 1074 1627 consanguineo
1116 1575 1306 1615 sociatae.

267 1647 375 1686 Huic
404 1647 482 1686 tria
509 1645 578 1685 dat
607 1647 816 1699 spinthra,
849 1660 955 1699 quae
974 1648 1113 1687 velent
1134 1655 1303 1699 pectora
1317 1648 1503 1699 pulchra,

264 1721 399 1773 Atque
430 1719 497 1758 dat
530 1720 708 1758 armillas
737 1720 816 1758 sibi
847 1720 910 1758 bis
941 1720 1058 1758 binas
1088 1732 1297 1771 operosas.

267 1794 318 1832 Et
348 1792 502 1845 pariter
528 1791 606 1831 sibi
634 1800 716 1832 tres
749 1791 818 1831 dat
849 1800 1072 1843 gemmatos
1103 1791 1296 1843 digitales,

262 1867 429 1918 Datque
458 1863 746 1915 superductam
783 1878 902 1904 cocco
934 1865 1139 1903 crusinam
1169 1864 1415 1915 migalinam.

267 1936 414 1975 Cetera
446 1938 565 1976 turba
595 1952 668 1977 sua
697 1937 776 1976 sibi
805 1935 903 1976 dant
930 1937 1138 1989 sponsalia
1169 1950 1329 1987 magna.

267 2006 455 2056 Qualiter
483 2009 591 2049 inter
620 2022 661 2048 se
692 2007 963 2056 concordent,
1004 2007 1103 2060 quid
1134 2007 1235 2047 mihi
1269 2005 1422 2047 curae?

777 2252 868 2294 XV.

265 2349 440 2405 Haeres
473 2372 568 2404 tunc
600 2365 758 2413 valeat,
787 2365 821 2404 si
852 2364 960 2403 filius
991 2364 1092 2403 haut
1121 2362 1199 2403 sibi
1226 2363 1309 2412 fiat,
1503 2384 1650 2419 sotalae.

267 2438 312 2478 Si
337 2439 452 2487 sine,
480 2439 564 2488 dic,
590 2439 746 2490 liberis,
780 2437 880 2492 quid
913 2439 1013 2487 erit,
1054 2437 1134 2488 fili,
1169 2435 1388 2477 morieris?

266 2511 332 2549 De
366 2511 520 2549 nostris
551 2511 676 2550 rebus
711 2510 788 2550 erit
823 2509 1033 2550 altercatio
1063 2509 1242 2560 grandis.

265 2581 477 2621 Deficiunt
505 2581 613 2621 vires
644 2581 816 2620 omnino
845 2582 948 2620 mihi
976 2580 1247 2631 juveni[les],³,

269 2651 378 2691 Nam
409 2651 536 2692 denos
568 2665 722 2702 annos,
763 2665 868 2706 quos
899 2660 942 2691 tu
970 2652 1108 2690 fueras
1140 2650 1247 2704 apud
1280 2651 1455 2702 [Afros]‚
