1721 2938
252 100 332 142 138

582 103 983 146 RUODLIEB
1045 105 1196 160 fragm.
1221 106 1272 149 tl,

253 402 333 438 145

254 764 331 798 150

256 1492 334 1526 160

249 1851 327 1887 165

252 2213 329 2247 170

255 2648 330 2684 175

392 253 559 294 Grande
589 262 706 294 tuum
740 268 863 307 posse
893 259 957 297 vel
996 257 1350 311 inaequiparabile
1379 263 1484 302 velle

389 327 494 365 Sunt
522 326 597 365 tibi
629 341 707 378 pro
739 342 857 367 muro
899 344 973 381 per
1003 331 1163 368 nullum
1195 330 1421 382 deiciendo,

391 399 570 438 Laesum
600 398 809 449 laedenti,
840 401 999 441 veniam
1032 402 1266 443 miserendo
1296 406 1466 456 precari.

387 471 539 511 Nonne
571 470 734 511 deizare
767 475 887 512 nobis
919 477 1066 515 merito
1102 475 1265 516 videare

393 543 614 596 Indulgens
649 553 796 596 sponte
825 549 1089 597 peccantibus
1124 550 1280 601 absque
1308 547 1503 600 petente?

390 618 570 657 Econtra
605 618 661 655 nil
695 631 770 657 nos
812 619 943 670 simile
983 622 1184 671 praebere
1214 623 1411 670 valemus,

390 688 606 727 Retribuat
641 688 710 727 sed
745 699 787 728 ut
818 691 851 729 is
881 705 956 730 rex
988 700 1103 743 post,
1135 706 1257 744 quem
1287 693 1343 731 sic
1373 693 1557 743 imitaris,

391 761 478 800 Nos
510 775 683 801 exorare
715 762 912 802 debemus
954 763 1075 803 corde
1108 766 1172 804 vel
1202 778 1296 813 ore3

389 833 530 886 thue
563 833 660 873 dum
692 836 828 884 vivas,
861 838 1014 886 valeas,
1044 851 1189 888 regnes
1221 846 1258 875 et
1288 835 1487 886 abundes,

389 906 521 945 Nobis
552 915 589 945 et
620 908 775 946 cunctis
805 907 998 946 affinibus
1024 909 1210 961 undique
1240 910 1376 960 regnis

389 979 460 1016 Est
493 977 774 1029 exoptandum
813 981 1086 1019 communiter
1121 989 1244 1034 atque
1274 981 1540 1032 precandum.

385 1050 492 1088 Nam
525 1051 712 1089 columen
745 1052 876 1090 nostri
906 1061 948 1090 tu
981 1054 1092 1092 solus
1123 1067 1163 1092 es
1194 1055 1236 1092 in
1266 1055 1352 1092 vice
1384 1052 1552 1098 Christi,

388 1124 525 1176 Atque
555 1125 772 1175 superstite
802 1132 841 1163 te
882 1126 985 1164 bene
1013 1140 1232 1177 possumus
1270 1127 1505 1178 imperitare

393 1196 479 1235 Sub
510 1204 669 1235 vestrae
703 1196 798 1235 fidei
827 1205 942 1236 scuto
975 1197 1202 1237 diutissime
1243 1199 1332 1237 tuti.

390 1269 442 1307 Et
472 1284 605 1319 nunc,
638 1282 662 1307 o
695 1268 883 1319 domine,
916 1284 999 1309 non
1032 1270 1253 1321 dedignare
1284 1271 1424 1311 venire

391 1341 455 1380 Ad
486 1343 577 1381 loca
607 1340 798 1391 laudata,
847 1342 1014 1395 quando
1050 1351 1143 1381 sunt
1175 1341 1396 1382 induciata.

389 1415 522 1453 Vobis
556 1414 845 1465 congredimur
881 1414 929 1453 de
965 1416 1116 1454 nostris
1148 1429 1192 1453 ac
1226 1415 1513 1455 famulamur?

393 1487 459 1526 Sic
490 1487 545 1526 ait
574 1496 613 1525 et
645 1485 763 1526 donis
799 1486 941 1525 ditavit
980 1501 1055 1526 nos
1081 1496 1143 1526 sat
1173 1487 1334 1538 opimis,

388 1561 566 1600 Pelliciis
598 1560 664 1597 vel
696 1560 812 1611 equis
846 1559 1049 1607 faleratIS,
1083 1560 1166 1598 sive
1193 1560 1448 1609 chrusemnis,

386 1632 486 1671 Post
504 1631 635 1683 poscit
657 1633 812 1680 vinum,
841 1631 1069 1670 Gerdrudis
1096 1646 1248 1680 amore,
1276 1631 1387 1684 quod
1405 1633 1597 1690 haustum

388 1705 613 1755 Participat
644 1718 718 1743 nos
751 1712 855 1753 tres,
894 1713 1103 1756 postremo
1136 1705 1247 1743 basia
1278 1704 1417 1755 figens,

388 1774 567 1823 Quando
601 1778 692 1815 vale
726 1775 831 1814 dixit
865 1785 955 1827 post
988 1789 1062 1814 nos
1091 1776 1213 1826 gemit
1243 1784 1279 1814 et
1313 1775 1539 1815 benedixit.

389 1848 497 1887 Hinc
525 1848 807 1896 rediebamus,
854 1848 1140 1887 vicedomnum
1180 1858 1354 1901 postque
1393 1848 1596 1899 videmus,

388 1919 470 1968 Qui
504 1935 578 1960 nos
609 1920 849 1960 condonans
880 1920 1137 1973 provisorem
1169 1921 1289 1959 simul
1319 1929 1357 1959 et
1388 1920 1488 1960 dans

390 1992 542 2034 Oscula
571 1994 648 2031 lert
679 2007 817 2042 more,
861 1993 1006 2044 grandi
1037 2007 1114 2032 nos
1142 1994 1264 2045 liquit
1295 2007 1447 2041 amore,

386 2066 488 2104 Tam
517 2067 592 2105 tibi
623 2065 817 2106 devotum
848 2065 1069 2114 mandans,
1111 2074 1156 2104 ut
1193 2067 1308 2114 hero,
1340 2067 1595 2107 famulatum.

387 2136 453 2175 Sic
485 2136 607 2175 datur
637 2152 659 2175 a
691 2137 846 2175 cunctis
877 2145 936 2175 sat
970 2137 1095 2173 amica
1127 2136 1292 2174 licentia
1327 2138 1461 2176 nobis.

392 2209 660 2260 Disciplinate
685 2217 827 2248 noster
858 2209 1004 2247 ductor
1034 2208 1098 2246 vel
1128 2210 1298 2247 honeste

387 2279 567 2321 Servivit
601 2281 721 2320 nobis
752 2283 794 2319 in
828 2280 1169 2332 simplicitateque
1203 2279 1349 2328 cordis,

385 2353 518 2403 Hujus
550 2352 648 2392 dum
679 2353 796 2405 regni
824 2353 999 2393 confinia
1030 2351 1206 2393 vidimus
1239 2353 1392 2404 ampli.’

385 2477 525 2538 Talis
554 2498 733 2538 rumoris
772 2513 867 2549 rex,
908 2498 999 2538 talis
1031 2511 1159 2538 ovans
1191 2503 1229 2536 et
1263 2496 1432 2535 honoris

388 2571 617 2612 Subridens
648 2571 856 2612 modicum
889 2573 948 2610 nil
976 2571 1149 2624 protulit
1180 2585 1250 2610 ore
1278 2571 1517 2622 superbum.

391 2646 648 2698 Susspiciens
678 2645 820 2686 laudat
850 2644 1077 2696 dominum,
1102 2643 1330 2698 quo‘dante
1356 2644 1591 2696 triumphat,
