1721 2938
229 150 284 189 36
654 148 1155 192 WALTHARIUS.

375 304 561 350 Abrasit,
594 299 663 339 sed
696 301 801 338 sorte
833 308 962 338 cutem
996 301 1294 352 praestringere
1324 316 1523 344 summam

372 374 466 413 Non
501 372 638 421 licuit,
680 384 929 424 rursumque
958 373 1084 412 alium
1113 372 1348 413 vibraverat
1379 376 1524 427 ictum,

371 446 421 484 Et
450 457 648 496 praeceps
679 444 804 482 animi
833 443 986 484 directo
1019 447 1246 486 obstamine
1278 446 1383 486 scuti

230 524 309 558 975
368 518 541 569 Impegit
570 516 763 565 calibem,
808 530 882 556 nec
912 518 1041 570 quivit
1073 518 1231 558 viribus
1261 519 1355 558 ullis

367 589 539 628 Elicere.
598 587 844 640 Alpharides
870 598 982 629 retro
1015 604 1076 638 se,
1115 591 1297 630 fulminis
1327 591 1478 639 instar,

366 661 611 709 Excutiens,
644 660 852 699 Francum
883 660 1018 701 valida
1049 661 1090 700 vi
1121 661 1226 700 fudit
1256 661 1305 699 ad
1336 675 1502 710 arvum,

364 733 414 771 Et
444 745 569 783 super
600 732 789 770 assistens
820 739 959 782 pectus
991 734 1220 782 conculcat,
1264 742 1302 771 et
1329 733 1465 785 inquit

368 804 453 841 ‘En
483 816 561 854 pro
594 801 754 842 calvitio
787 803 928 854 capitis
958 811 995 841 te
1028 804 1178 843 vertice
1211 803 1384 852 fraudo,

224 881 304 915 980
363 875 427 914 Ne
453 875 522 914 fiat
550 875 627 913 ista
658 883 749 913 tuae
780 873 829 913 de
860 889 925 913 ine
954 876 1145 924 jactantia
1175 876 1376 928 sponsae.'

360 948 446 985 Vix
475 948 573 985 haec
607 948 752 986 effatus
784 948 988 988 truncavit
1021 949 1123 986 eolla
1153 949 1368 999 precantis.

310 1006 385 1061 At
415 1036 550 1061 nonus
587 1036 747 1073 pugnae
770 1022 977 1061 Helmnod
1006 1023 1214 1071 successit,
1249 1030 1287 1060 et
1314 1023 1400 1074 ipse

359 1097 563 1134 Insertum
596 1095 746 1147 triplici
776 1098 957 1147 gestabat
987 1097 1084 1135 sune
1114 1095 1352 1144 tridentem,

360 1168 492 1217 Quem
525 1177 619 1220 post
650 1177 762 1219 terga
795 1168 959 1221 quidem
992 1169 1091 1208 socii
1122 1176 1273 1208 stantes
1302 1179 1545 1219 tenuerunt3

221 1247 300 1282 985
360 1242 671 1294 Consiliumque
702 1242 802 1290 fuit,
844 1243 979 1293 cuspis
1009 1241 1106 1280 dum
1137 1242 1259 1280 missa
1290 1241 1448 1281 sederet

356 1315 402 1353 In
432 1314 586 1365 clipeo,
629 1313 773 1352 cuncti·
795 1315 948 1364 pariter
981 1315 1155 1353 traxisse
1185 1314 1422 1363 studerent,

353 1386 411 1433 Ut
441 1388 507 1425 vel
541 1385 596 1424 sic
626 1384 835 1424 hominem
869 1385 1109 1434 dejecissent
1143 1384 1436 1433 furibundum,

355 1460 492 1510 Atque
512 1459 587 1497 sub
614 1458 688 1497 hac
708 1466 863 1496 certum
884 1459 962 1497 sibi
988 1472 1058 1510 spe
1088 1471 1263 1509 posuere
1298 1458 1568 1510 triumphum.

352 1531 437 1570 Nec
469 1544 607 1581 mora3
655 1529 739 1569 dux
768 1538 872 1569 totas
904 1529 1082 1568 fundens
1111 1530 1152 1568 in
1180 1531 1347 1570 brachia
1376 1531 1505 1580 vires,

215 1610 295 1645 990
354 1606 469 1645 Misit
494 1606 538 1644 in
569 1604 782 1644 adversum
817 1619 961 1656 magna
989 1619 1079 1643 cum
1112 1619 1210 1644 voce
1243 1605 1458 1644 tridentem

356 1675 530 1715 Edicens
564 1677 698 1715 ‘ferro
734 1677 808 1715 tibi
837 1676 950 1726 finis,
989 1679 1123 1726 calve,
1165 1678 1241 1715 sub
1272 1676 1397 1716 istol’

353 1748 435 1797 Qui
469 1757 614 1789 ventos
644 1758 863 1800 penetrans
888 1750 1116 1798 jaculorum
1148 1763 1260 1788 more
1292 1758 1497 1800 coruscat3

357 1820 415 1859 Ut
444 1834 573 1871 genus
603 1820 753 1873 aspidis
785 1836 837 1860 ex
867 1822 946 1860 alta
977 1835 1064 1860 sese
1095 1822 1243 1860 arbore
1269 1828 1384 1859 tanto

354 1894 540 1931 Turbine
573 1892 770 1941 demittit,
804 1907 886 1945 quo
921 1902 1064 1932 cuncta
1096 1894 1302 1932 obstantia
1331 1893 1481 1932 vincat.

215 1968 294 2004 995
356 1962 465 2012 Quid
494 1962 666 2003 moror?
711 1965 935 2004 umbonem
968 1965 1135 2014 scindit,
1174 1967 1365 2017 peltaque
1398 1963 1562 2004 resedit.

351 2037 583 2075 Clamorem
619 2036 768 2076 Franci
797 2039 966 2084 tollunt,
1007 2040 1216 2090 saltusque
1246 2039 1469 2085 resultant,

354 2107 593 2160 Obnixique
624 2110 791 2147 trahunt
823 2110 959 2148 restim
994 2111 1116 2148 simul
1148 2119 1269 2162 atque
1300 2109 1502 2158 vicissim,

348 2181 435 2220 Nec
468 2180 629 2219 dubitat
664 2181 856 2232 princeps
886 2181 957 2218 tali
987 2195 1027 2219 se
1059 2190 1198 2232 aptare
1231 2182 1379 2220 labori.

346 2253 573 2291 Manarunt
600 2254 753 2292 cunctis
785 2252 945 2291 sudoris
974 2252 1146 2291 flumina
1173 2254 1378 2292 membris.

278 2387 348 2417 972
374 2384 586 2427 prestingere
607 2383 647 2415 A.
697 2384 765 2413 973
792 2391 992 2423 rursumque
1018 2381 1188 2422 aliumque
1208 2382 1246 2412 A.
1297 2383 1366 2413 975
1392 2382 1495 2415 ultum
1515 2382 1554 2415 C.

205 2445 275 2475 977
308 2444 341 2476 in
369 2453 488 2476 aruum
512 2442 537 2475 l.
614 2444 684 2474 980
717 2441 788 2473 suat
815 2442 855 2474 B.
934 2444 999 2473 931
1035 2442 1156 2474 effatus
1185 2440 1266 2474 haec
1295 2442 1334 2473 Β.
1408 2444 1479 2474 982
1509 2441 1556 2475 Et

205 2512 316 2536 nouus
340 2504 381 2537 A.
421 2502 576 2537 heimnod
602 2503 642 2536 A.
682 2500 791 2534 heluat
820 2502 845 2534 1.
921 2504 990 2534 983
1024 2501 1183 2535 infestum
1215 2502 1242 2536 1.
1325 2504 1395 2535 984
1426 2507 1555 2536 stantes

203 2564 287 2596 socii
321 2565 359 2597 C.
442 2567 511 2597 985
545 2563 624 2596 dum
656 2572 778 2605 cuspes
811 2562 850 2594 C.
933 2564 1002 2594 989
1038 2567 1110 2594 tota
1144 2563 1169 2596 l.
1252 2565 1320 2595 991
1354 2563 1430 2596 finis
1463 2562 1553 2596 serto

201 2623 262 2655 tibi
297 2623 335 2656 C.
417 2627 486 2656 992
521 2632 702 2657 coruscans
737 2623 778 2656 A.
861 2625 930 2654 993
965 2623 1056 2664 quod
1089 2633 1198 2665 genus
1232 2625 1271 2657 Α.
1303 2624 1340 2657 Β.
1367 2623 1407 2656 C.
1482 2625 1552 2656 995

198 2683 338 2716 sciserat
358 2683 398 2716 B.
426 2683 572 2717 sciderat
591 2683 617 2717 Ι.
656 2686 724 2717 996
745 2683 886 2717 resultat
901 2685 940 2717 Α.
955 2682 994 2717 C.
1037 2685 1106 2717 996
1125 2682 1206 2717 sehlt
1223 2684 1248 2717 Ι.
1298 2686 1369 2718 998
1391 2684 1506 2717 labore
1522 2683 1548 2716 l.
