1721 2938
247 95 328 136 182

497 94 534 135 R
552 93 588 135 U
604 93 643 135 O
663 93 700 134 D
716 92 839 134 LIE
859 92 892 133 Β
955 92 1106 149 fragm.
1130 93 1202 137 ΧῙ.
1234 95 1332 138 XII.

249 252 301 284 80
359 275 368 284 .
575 274 583 283 .
641 259 703 283 sus
731 259 854 284 secum
881 244 975 297 ferit
1004 248 1170 298 quitquid
1200 249 1309 289 alius.

577 343 585 353 .
639 317 765 368 plures
787 320 932 372 proprii
955 321 1049 357 servi
1069 317 1233 371 juniores
1432 322 1593 363 LXXII

884 567 957 610 XI.

101 682 238 714 romeu.
256 680 273 712 1
365 654 551 716 ‘Obviat
583 677 805 730 omnIaque

256 1324 307 1359 10

258 1686 306 1722 15

108 2047 250 2083 5012812.
270 2049 283 2082 1

363 747 480 796 Quae
513 763 605 788 cum
634 758 795 802 tempus
827 750 903 788 erit
933 748 1009 787 tibi
1031 747 1164 788 dicere
1196 758 1340 789 cuncta
1375 751 1526 791 licebit.

364 820 487 860 Nunc
517 822 733 874 phalerare
765 822 839 861 tibi
868 822 1011 871 jubeas
1048 820 1204 874 unique
1235 822 1371 862 clienti

364 893 471 932 Nam
531 924 540 932 .
602 922 612 932 .
671 922 680 932 .
743 895 759 932 ξ
814 920 823 931 .
885 921 894 931 .
956 893 1251 945 compatriotae

366 964 544 1013 Quando
575 964 777 1020 videbunt
809 972 873 1014 te,
912 963 1155 1004 devitabunt
1182 967 1348 1017 penitus
1376 980 1454 1006 me.

365 1038 505 1076 Debes
536 1038 596 1076 ire
629 1035 819 1087 domum,
853 1037 887 1076 si
916 1037 968 1076 sit
996 1045 1067 1076 tua
1105 1038 1234 1088 gratia
1265 1041 1452 1079 mecum?

366 1108 445 1148 Cui
477 1123 547 1149 cor
578 1123 676 1149 mox
706 1109 891 1161 hyl-arat,
924 1122 1023 1161 prae
1053 1109 1207 1150 laetitia
1237 1124 1405 1165 quoque
1433 1110 1571 1151 flebat.

364 1179 559 1229 ‘Desine‚
587 1180 704 1219 miles
734 1180 802 1231 ait,
857 1210 866 1219 .

363 1250 612 1290 Sculiferum
663 1260 781 1291 vocat

366 1323 501 1361 Ambo
547 1324 730 1362 scutiferi

366 1392 447 1441 Oui
480 1408 579 1434 mox
620 1408 738 1434 ascen
807 1422 1090 1434 .....

368 1466 595 1505 Semiferos
638 1465 728 1506 dico

364 1539 497 1578 Cursu
534 1539 663 1578 veloci
693 1552 737 1576 re
787 1566 796 1576 .
856 1568 865 1577 .

363 1609 525 1658 Quidve
556 1610 683 1649 volun
718 1639 727 1648 .
785 1638 794 1646 .
855 1638 865 1647 .

364 1681 427 1722 Ne
463 1711 472 1721 .
508 1711 516 1721 .
548 1710 556 1720 .
585 1711 593 1720 .
623 1694 688 1721 ser
722 1707 732 1719 .
777 1711 786 1720 .

876 1929 972 1972 ΧΠ.

377 2022 467 2080 Es!
494 2041 550 2080 ibi
580 2047 735 2079 secrete
752 2052 883 2092 prope
914 2053 1096 2096 secessus
1151 2068 1162 2078 .
1217 2067 1226 2077 .

363 2117 411 2154 In
444 2129 526 2168 quo
561 2122 657 2154 sunt
687 2114 791 2155 clavi
821 2115 961 2166 plures
993 2115 1036 2154 in
1066 2114 1221 2167 pariete
1250 2114 1335 2164 fixi,

365 2186 492 2235 Queis
525 2183 776 2238 suspendere
804 2199 870 2225 res
899 2186 1131 2238 potuissent
1159 2200 1344 2239 quasque
1375 2188 1542 2235 flames,

362 2258 426 2311 Ne
455 2266 629 2297 noceant
656 2271 814 2306 mures,
846 2271 939 2296 cum
970 2270 1056 2296 non
1086 2257 1255 2295 timeant
1283 2256 1342 2295 ibi
1372 2256 1498 2295 fures.

365 2329 471 2369 Cum
497 2327 675 2368 dominis
707 2327 875 2368 domina
904 2327 1027 2380 pedat
1059 2327 1109 2367 ad
1139 2328 1289 2367 solaria
1321 2328 1439 2375 celsa,

363 2400 457 2450 Qua
485 2401 645 2441 dicebat
675 2402 754 2440 eis:
794 2402 983 2440 ‘multum
1012 2403 1115 2439 bene
1146 2414 1254 2440 nunc
1288 2398 1460 2439 veniatis
1474 2397 1496 2437 Ρ

361 2474 478 2514 Dum
507 2482 640 2525 grates
668 2474 878 2523 referunt,
919 2482 1033 2525 rogat
1063 2474 1155 2512 illos
1189 2481 1231 2512 ul
1261 2470 1486 2512 residerent

364 2549 500 2599 Atque
530 2550 766 2596 jocarentur
793 2545 835 2585 di
893 2574 902 2584 .
961 2575 970 2584 .
1025 2575 1035 2584 .
1094 2574 1103 2583 .

362 2618 413 2657 Et
443 2619 520 2658 sibi
560 2633 665 2673 quos
708 2620 861 2661 vellent
900 2620 962 2670 pis
1021 2646 1030 2655 .
